@article{DONNER2011,
  title = {Recurrence-based Time Series Analysis by Means of Complex Network Methods},
  volume = {21},
  ISSN = {1793-6551},
  url = {http://dx.doi.org/10.1142/S0218127411029021},
  DOI = {10.1142/s0218127411029021},
  number = {04},
  journal = {International Journal of Bifurcation and Chaos},
  publisher = {World Scientific Pub Co Pte Lt},
  author = {Donner,  Reik V. and Small,  Michael and Donges,  Jonathan F. and Marwan,  
  Norbert and Zou,  Yong and Xiang,  Ruoxi and Kurths,  J\"{u}rgen},
  year = {2011},
  month = apr,
  pages = {1019–1046}
}

@article{vg_lacasa,
  author = {Lucas Lacasa  and Bartolo Luque  and Fernando Ballesteros  and Jordi Luque  and Juan Carlos Nuño },
  title = {From time series to complex networks: The visibility graph},
  journal = {Proceedings of the National Academy of Sciences},
  volume = {105},
  number = {13},
  pages = {4972-4975},
  year = {2008},
  doi = {10.1073/pnas.0709247105},
  URL = {https://www.pnas.org/doi/abs/10.1073/pnas.0709247105},
  eprint = {https://www.pnas.org/doi/pdf/10.1073/pnas.0709247105}
}

@inproceedings{review_econophys,
  author       = {Andrii O. Bielinskyi and
                  Oleksandr A. Serdyuk and
                  Serhiy O. Semerikov and
                  Vladimir N. Soloviev},
  editor       = {Arnold E. Kiv and
                  Vladimir N. Soloviev and
                  Serhiy O. Semerikov},
  title        = {Econophysics of cryptocurrency crashes: a systematic review},
  booktitle    = {Proceedings of the Selected and Revised Papers of 9th International
                  Conference on Monitoring, Modeling {\&} Management of Emergent
                  Economy {(M3E2-MLPEED} 2021), Odessa, Ukraine, May 26-28, 2021},
  series       = {{CEUR} Workshop Proceedings},
  volume       = {3048},
  pages        = {31--133},
  publisher    = {CEUR-WS.org},
  year         = {2021},
  url          = {https://ceur-ws.org/Vol-3048/paper03.pdf},
  timestamp    = {Fri, 10 Mar 2023 16:23:44 +0100},
  biburl       = {https://dblp.org/rec/conf/m3e2/BielinskyiSSS21.bib},
  bibsource    = {dblp computer science bibliography, https://dblp.org}
}

@article{PhysRevE.80.046103,
  title = {Horizontal visibility graphs: Exact results for random time series},
  author = {Luque, B. and Lacasa, L. and Ballesteros, F. and Luque, J.},
  journal = {Phys. Rev. E},
  volume = {80},
  issue = {4},
  pages = {046103},
  numpages = {11},
  year = {2009},
  month = {Oct},
  publisher = {American Physical Society},
  doi = {10.1103/PhysRevE.80.046103},
  url = {https://link.aps.org/doi/10.1103/PhysRevE.80.046103}
}

@article{PhysRevE.94.052309,
  title = {Sequential motif profile of natural visibility graphs},
  author = {Iacovacci, Jacopo and Lacasa, Lucas},
  journal = {Phys. Rev. E},
  volume = {94},
  issue = {5},
  pages = {052309},
  numpages = {12},
  year = {2016},
  month = {Nov},
  publisher = {American Physical Society},
  doi = {10.1103/PhysRevE.94.052309},
  url = {https://link.aps.org/doi/10.1103/PhysRevE.94.052309}
}

@article{10.1063/1.4927835,
    author = {Lan, Xin and Mo, Hongming and Chen, Shiyu and Liu, Qi and Deng, Yong},
    title = "{Fast transformation from time series to visibility graphs}",
    journal = {Chaos: An Interdisciplinary Journal of Nonlinear Science},
    volume = {25},
    number = {8},
    pages = {083105},
    year = {2015},
    month = {08},
    abstract = "{The visibility graph method is used to transform time series into complex networks. In this letter, a fast transform algorithm is proposed for obtaining a visibility graph. Based on the strategy of “divide \\&amp; conquer,” the time complexity of the proposed algorithm is raised to O(n log n), which is more efficient than the previous basic algorithm whose time complexity is O(n2).}",
    issn = {1054-1500},
    doi = {10.1063/1.4927835},
    url = {https://doi.org/10.1063/1.4927835},
    eprint = {https://pubs.aip.org/aip/cha/article-pdf/doi/10.1063/1.4927835/13428194/083105\_1\_online.pdf},
}

@article{BEZSUDNOV201453,
    title = {From the time series to the complex networks: The parametric natural visibility graph},
    journal = {Physica A: Statistical Mechanics and its Applications},
    volume = {414},
    pages = {53-60},
    year = {2014},
    issn = {0378-4371},
    doi = {10.1016/j.physa.2014.07.002},
    url = {https://www.sciencedirect.com/science/article/pii/S0378437114005676},
    author = {I.V. Bezsudnov and A.A. Snarskii},
    keywords = {Time series, Complex networks, Visibility graph, Heart beat RR-intervals}
}

@articleInfo{2012-3-030506,
    title = {Limited penetrable visibility graph for establishing complex network from time series},
    journal = {Acta Physica Sinica},
    volume = {61},
    number = {2012-3-030506},
    pages = {030506},
    year = {2012},
    issn = {1000-3290},
    doi = {10.7498/aps.61.030506},
    url = {https://wulixb.iphy.ac.cn//article/id/45318},
    author = {T.T. Zhou and N.D. Jin and Z.K. Gao and Y.B. Luo}
}

@article{10.1063/5.0048243,
    author = {Xuan, Qi and Zhou, Jinchao and Qiu, Kunfeng and Xu, Dongwei and Zheng, Shilian and Yang, Xiaoniu},
    title = "{CLPVG: Circular limited penetrable visibility graph as a new network model for time series}",
    journal = {Chaos: An Interdisciplinary Journal of Nonlinear Science},
    volume = {32},
    number = {1},
    pages = {013130},
    year = {2022},
    month = {01},
    issn = {1054-1500},
    doi = {10.1063/5.0048243},
    url = {https://doi.org/10.1063/5.0048243},
    eprint = {https://pubs.aip.org/aip/cha/article-pdf/doi/10.1063/5.0048243/16453126/013130\_1\_online.pdf},
}

@book{Chung:1997,
    author = {Chung, F. R. K.},
    url = {https://mathweb.ucsd.edu/~fan/research/revised.html},
    keywords = {graph spectral theory},
    publisher = {American Mathematical Society},
    timestamp = {2009-02-05T15:34:40.000+0100},
    title = {Spectral Graph Theory},
    year = {1997}
}

@article{spec_graph_theory,
    author = {Biggs, Norman},
    title = {Spectral Graph Theory (CBMS Regional Conference Series in Mathematics 92)},
    journal = {Bulletin of the London Mathematical Society},
    volume = {30},
    number = {2},
    pages = {197-199},
    doi = {10.1112/S0024609397223611},
    url = {https://londmathsoc.onlinelibrary.wiley.com/doi/abs/10.1112/S0024609397223611},
    eprint = {https://londmathsoc.onlinelibrary.wiley.com/doi/pdf/10.1112/S0024609397223611},
    year = {1998}
}

@article{norm_lapl,
    author = {Butler, Steve},
    title = {Interlacing for weighted graphs using the normalized Laplacian},
    journal = {Electronic Journal of Linear Algebra },
    volume = {16},
    number = {},
    pages = {90-98},
    issn = {1081-3810},
    doi = {10.13001/1081-3810.1185},
    url = {https://journals.uwyo.edu/index.php/ela/article/view/427},
    eprint = {https://journals.uwyo.edu/index.php/ela/article/view/427},
    year = {2007}
}

@article{PhysRevE.85.016117,
  title = {Overview of metrics and their correlation patterns for multiple-metric topology analysis on heterogeneous graph ensembles},
  author = {Bounova, Gergana and de Weck, Olivier},
  journal = {Phys. Rev. E},
  volume = {85},
  issue = {1},
  pages = {016117},
  numpages = {11},
  year = {2012},
  month = {Jan},
  publisher = {American Physical Society},
  doi = {10.1103/PhysRevE.85.016117},
  url = {https://link.aps.org/doi/10.1103/PhysRevE.85.016117}
}

@article{gutman1978energy,
  title={The energy of a graph},
  author={Gutman, Ivan},
  year={1978},
  publisher={Forschungszentrum}
}

@article{Wu_Jun_2010,
doi = {10.1088/0256-307X/27/7/078902},
url = {https://dx.doi.org/10.1088/0256-307X/27/7/078902},
year = {2010},
month = {jul},
publisher = {},
volume = {27},
number = {7},
pages = {078902},
author = {Wu Jun and  Mauricio Barahona and  Tan Yue-Jin and  Deng Hong-Zhong},
title = {Natural Connectivity of Complex Networks},
journal = {Chinese Physics Letters},
abstract = {The concept of natural connectivity is reported as a robustness measure of complex networks. The natural connectivity has a clear physical meaning and a simple mathematical formulation. It is shown that the natural connectivity can be derived mathematically from the graph spectrum as an average eigenvalue and that it changes strictly monotonically with the addition or deletion of edges. By comparing the natural connectivity with other typical robustness measures within a scenario of edge elimination, it is demonstrated that the natural connectivity has an acute discrimination which agrees with our intuition.}
}

@article{E_Estrada_2006,
doi = {10.1209/epl/i2005-10441-3},
url = {https://dx.doi.org/10.1209/epl/i2005-10441-3},
year = {2006},
month = {jan},
publisher = {},
volume = {73},
number = {4},
pages = {649},
author = {E. Estrada},
title = {Spectral scaling and good expansion properties  in complex networks},
journal = {Europhysics Letters},
abstract = {The existence of a scaling between the principal  eigenvector and the subgraph centrality of a complex network indicates that  the network has “good expansion” (GE) properties. GE is the important but  counterintuitive property of being both sparsely populated and highly  connected. We have detected GE properties in half of the 16 real-world  networks studied, which include communication, information and biological  networks. Most of social networks studied do not show GE properties as a  consequence of the existence of communities with low number of  inter-community links. However, the majority of food webs represent  ecosystems that are not composed of separate communities with low  interconnections among them and possess GE properties.}
}

@ARTICLE{5740372,
  author={Wu, Jun and Barahona, Mauricio and Tan, Yue-Jin and Deng, Hong-Zhong},
  journal={IEEE Transactions on Systems, Man, and Cybernetics - Part A: Systems and Humans}, 
  title={Spectral Measure of Structural Robustness in Complex Networks}, 
  year={2011},
  volume={41},
  number={6},
  pages={1244-1252},
  keywords={Robustness;Complex networks;Eigenvalues and eigenfunctions;Network topology;Redundancy;Complex networks;graph spectra;natural connectivity;structural robustness},
  doi={10.1109/TSMCA.2011.2116117}
}

@article{cvetkovic1980spectra,
  title={Spectra of graphs. Theory and application},
  author={Cvetkovic, Dragos M and Doob, Michael and Sachs, Horst},
  year={1980}
}

@book{doi:10.1137/1.9781611971262,
  author = {Berman, Abraham and Plemmons, Robert J.},
  title = {Nonnegative Matrices in the Mathematical Sciences},
  publisher = {Society for Industrial and Applied Mathematics},
  year = {1994},
  doi = {10.1137/1.9781611971262},
  address = {},
  edition   = {},
  URL = {https://epubs.siam.org/doi/abs/10.1137/1.9781611971262},
  eprint = {https://epubs.siam.org/doi/pdf/10.1137/1.9781611971262}
}

@Inbook{Schoenberg1969,
  author="Schoenberg, I. J.",
  editor="Tur{\'a}n, Paul",
  title="Publications of Edmund Landau",
  bookTitle="Number Theory and Analysis: A Collection of Papers in Honor of Edmund Landau (1877--1938)",
  year="1969",
  publisher="Springer US",
  address="Boston, MA",
  pages="335--355",
  isbn="978-1-4615-4819-5",
  doi="10.1007/978-1-4615-4819-5_23",
  url="https://doi.org/10.1007/978-1-4615-4819-5_23"
}

@book{wei1952algebraic,
  title={The Algebraic Foundations of Ranking Theory},
  author={Wei, T.H.},
  year={1952},
  publisher={University of Cambridge}
}

@article{760e07d1-fd0d-3ce0-afae-f7ab9cd57766,
 ISSN = {0006341X, 15410420},
 URL = {http://www.jstor.org/stable/3001479},
 author = {M. G. Kendall},
 journal = {Biometrics},
 number = {1},
 pages = {43--62},
 publisher = {[Wiley, International Biometric Society]},
 title = {Further Contributions to the Theory of Paired Comparisons},
 urldate = {2024-01-28},
 volume = {11},
 year = {1955}
}

@book{berge1958,
  title={Théorie Des Graphes Et Ses Applications},
  author={Berge, C.},
  year={1958},
  publisher={Dunod}
}

@article{35397813-90c1-3806-8d5d-a07b3340ac3d,
 ISSN = {00811750, 14679531},
 URL = {http://www.jstor.org/stable/270732},
 author = {Phillip Bonacich},
 journal = {Sociological Methodology},
 pages = {176--185},
 publisher = {[American Sociological Association, Wiley, Sage Publications, Inc.]},
 title = {Technique for Analyzing Overlapping Memberships},
 urldate = {2024-01-28},
 volume = {4},
 year = {1972}
}

@misc{wikipediaArnoldiIteration,
	author = {Wikipedia},
	title = {Arnoldi iteration},
	url = {https://en.wikipedia.org/wiki/Arnoldi_iteration},
	year = {},
	note = {[Accessed 28-01-2024]},
}

@article{STEPHENSON19891,
title = {Rethinking centrality: Methods and examples},
journal = {Social Networks},
volume = {11},
number = {1},
pages = {1-37},
year = {1989},
issn = {0378-8733},
doi = {10.1016/0378-8733(89)90016-6},
url = {https://www.sciencedirect.com/science/article/pii/0378873389900166},
author = {Karen Stephenson and Marvin Zelen},
abstract = {A new model of centrality is proposed for networks. The centrality measure is based on the “information” contained in all possible paths between pairs of points. The method does not require path enumeration and is not limited to the shortest paths or geodesies. We apply this measure to two examples: a network of homosexual men diagnosed with AIDS, and observations on a colony of baboons. Comparisons are made with “betweenness” and “closeness” centrality measures. The processes by which structural changes in networks occur over time are also discussed.}
}

@article{PhysRevLett.87.198701,
  title = {Efficient Behavior of Small-World Networks},
  author = {Latora, Vito and Marchiori, Massimo},
  journal = {Phys. Rev. Lett.},
  volume = {87},
  issue = {19},
  pages = {198701},
  numpages = {4},
  year = {2001},
  month = {Oct},
  publisher = {American Physical Society},
  doi = {10.1103/PhysRevLett.87.198701},
  url = {https://link.aps.org/doi/10.1103/PhysRevLett.87.198701}
}

@article{PhysRevLett.87.258701,
  title = {Dynamical and Correlation Properties of the Internet},
  author = {Pastor-Satorras, Romualdo and V\'azquez, Alexei and Vespignani, Alessandro},
  journal = {Phys. Rev. Lett.},
  volume = {87},
  issue = {25},
  pages = {258701},
  numpages = {4},
  year = {2001},
  month = {Nov},
  publisher = {American Physical Society},
  doi = {10.1103/PhysRevLett.87.258701},
  url = {https://link.aps.org/doi/10.1103/PhysRevLett.87.258701}
}

@article{protein_net,
  author = {Sergei Maslov  and Kim Sneppen },
  title = {Specificity and Stability in Topology of Protein Networks},
  journal = {Science},
  volume = {296},
  number = {5569},
  pages = {910-913},
  year = {2002},
  doi = {10.1126/science.1065103},
  URL = {https://www.science.org/doi/abs/10.1126/science.1065103},
  eprint = {https://www.science.org/doi/pdf/10.1126/science.1065103}
}

@article{PhysRevLett.89.208701,
  title = {Assortative Mixing in Networks},
  author = {Newman, M. E. J.},
  journal = {Phys. Rev. Lett.},
  volume = {89},
  issue = {20},
  pages = {208701},
  numpages = {4},
  year = {2002},
  month = {Oct},
  publisher = {American Physical Society},
  doi = {10.1103/PhysRevLett.89.208701},
  url = {https://link.aps.org/doi/10.1103/PhysRevLett.89.208701}
}

@article{watts1998collective,
  title={Collective dynamics of 'small-world' networks},
  author={Watts, Duncan J and Strogatz, Steven H},
  journal={nature},
  volume={393},
  number={6684},
  pages={440--442},
  year={1998},
  publisher={Nature Publishing Group}, 
  doi={10.1038/30918},
  url={https://doi.org/10.1038/30918}
}

@article{barrat2000properties,
  title={On the properties of small-world network models},
  author={Barrat, Alain and Weigt, Martin},
  journal={The European Physical Journal B-Condensed Matter and Complex Systems},
  volume={13},
  pages={547--560},
  year={2000},
  publisher={Springer}, 
  doi={10.1007/s100510050067},
  url={https://doi.org/10.1007/s100510050067}
}

@article{BOCCALETTI2006175,
title = {Complex networks: Structure and dynamics},
journal = {Physics Reports},
volume = {424},
number = {4},
pages = {175-308},
year = {2006},
issn = {0370-1573},
doi = {10.1016/j.physrep.2005.10.009},
url = {https://www.sciencedirect.com/science/article/pii/S037015730500462X},
author = {S. Boccaletti and V. Latora and Y. Moreno and M. Chavez and D.-U. Hwang},
abstract = {Coupled biological and chemical systems, neural networks, social interacting species, the Internet and the World Wide Web, are only a few examples of systems composed by a large number of highly interconnected dynamical units. The first approach to capture the global properties of such systems is to model them as graphs whose nodes represent the dynamical units, and whose links stand for the interactions between them. On the one hand, scientists have to cope with structural issues, such as characterizing the topology of a complex wiring architecture, revealing the unifying principles that are at the basis of real networks, and developing models to mimic the growth of a network and reproduce its structural properties. On the other hand, many relevant questions arise when studying complex networks’ dynamics, such as learning how a large ensemble of dynamical systems that interact through a complex wiring topology can behave collectively. We review the major concepts and results recently achieved in the study of the structure and dynamics of complex networks, and summarize the relevant applications of these ideas in many different disciplines, ranging from nonlinear science to biology, from statistical mechanics to medicine and engineering.}
}

@article{HOLME2004155,
title = {Structure and time evolution of an Internet dating community},
journal = {Social Networks},
volume = {26},
number = {2},
pages = {155-174},
year = {2004},
issn = {0378-8733},
doi = {10.1016/j.socnet.2004.01.007},
url = {https://www.sciencedirect.com/science/article/pii/S0378873304000085},
author = {Petter Holme and Christofer R. Edling and Fredrik Liljeros},
keywords = {Internet community, Time evolution, Communication, Complex networks}
}

@article{PhysRevE.68.056107,
  title = {Network bipartivity},
  author = {Holme, Petter and Liljeros, Fredrik and Edling, Christofer R. and Kim, Beom Jun},
  journal = {Phys. Rev. E},
  volume = {68},
  issue = {5},
  pages = {056107},
  numpages = {12},
  year = {2003},
  month = {Nov},
  publisher = {American Physical Society},
  doi = {10.1103/PhysRevE.68.056107},
  url = {https://link.aps.org/doi/10.1103/PhysRevE.68.056107}
}

@article{PhysRevE.72.056127,
  title = {Cycles and clustering in bipartite networks},
  author = {Lind, Pedro G. and Gonz\'alez, Marta C. and Herrmann, Hans J.},
  journal = {Phys. Rev. E},
  volume = {72},
  issue = {5},
  pages = {056127},
  numpages = {9},
  year = {2005},
  month = {Nov},
  publisher = {American Physical Society},
  doi = {10.1103/PhysRevE.72.056127},
  url = {https://link.aps.org/doi/10.1103/PhysRevE.72.056127}
}

@article{ZHANG20086869,
title = {Clustering coefficient and community structure of bipartite networks},
journal = {Physica A: Statistical Mechanics and its Applications},
volume = {387},
number = {27},
pages = {6869-6875},
year = {2008},
issn = {0378-4371},
doi = {10.1016/j.physa.2008.09.006},
url = {https://www.sciencedirect.com/science/article/pii/S0378437108007796},
author = {Peng Zhang and Jinliang Wang and Xiaojia Li and Menghui Li and Zengru Di and Ying Fan},
keywords = {Bipartite network, Clustering coefficient, Community structure}
}

@article{samp_en,
  author = {Richman, Joshua S. and Moorman, J. Randall},
  title = {Physiological time-series analysis  using approximate entropy and sample entropy},
  journal = {American Journal of Physiology-Heart and Circulatory Physiology},
  volume = {278},
  number = {6},
  pages = {H2039-H2049},
  year = {2000},
  doi = {10.1152/ajpheart.2000.278.6.H2039},
  URL = {https://doi.org/10.1152/ajpheart.2000.278.6.H2039},
  eprint = {https://doi.org/10.1152/ajpheart.2000.278.6.H2039}
}

@article{perm_en,
  title = {Permutation Entropy: A Natural Complexity Measure for Time Series},
  author = {Bandt, Christoph and Pompe, Bernd},
  journal = {Phys. Rev. Lett.},
  volume = {88},
  issue = {17},
  pages = {174102},
  numpages = {4},
  year = {2002},
  month = {Apr},
  publisher = {American Physical Society},
  doi = {10.1103/PhysRevLett.88.174102},
  url = {https://link.aps.org/doi/10.1103/PhysRevLett.88.174102}
}

@book{kantz2004nonlinear,
  title={Nonlinear Time Series Analysis},
  author={Kantz, H. and Schreiber, T.},
  isbn={9780521529020},
  lccn={2003044031},
  series={Cambridge nonlinear science series},
  year={2004},
  publisher={Cambridge University Press}
}

@article{roberts1999temporal,
  title={Temporal and spatial complexity measures for electroencephalogram based brain-computer interfacing},
  author={Roberts, Stephen J and Penny, William and Rezek, Iead},
  journal={Medical \& biological engineering \& computing},
  volume={37},
  pages={93--98},
  year={1999},
  publisher={Springer}, 
  doi = {10.1007/BF02513272}, 
  url = {https://doi.org/10.1007/BF02513272}
}

@ARTICLE{disp,
  author={Rostaghi, Mostafa and Azami, Hamed},
  journal={IEEE Signal Processing Letters}, 
  title={Dispersion Entropy: A Measure for Time-Series Analysis}, 
  year={2016},
  volume={23},
  number={5},
  pages={610-614},
  doi={10.1109/LSP.2016.2542881}
}

@article{CrepeauIsaacson+1991+137+152,
  url = {https://doi.org/10.1515/jnet.1991.16.2.137},
  title = {Spectral Entropy Measurements of Coherent Structures in am Evolving Shear Layer},
  title = {},
  author = {J. C. Crepeau and L. K. Isaacson},
  pages = {137--152},
  volume = {16},
  number = {2},
  journal = {Journal of Non-Equilibrium Thermodynamics},
  doi = {10.1515/jnet.1991.16.2.137},
  year = {1991},
  lastchecked = {2024-01-29}
}

@article{pincus1991regularity,
  title={A regularity statistic for medical data analysis},
  author={Pincus, Steven M and Gladstone, Igor M and Ehrenkranz, Richard A},
  journal={Journal of clinical monitoring},
  volume={7},
  pages={335--345},
  year={1991},
  publisher={Springer},
  doi = {10.1007/BF01619355},
  url = {https://doi.org/10.1007/BF01619355}
}

@article{app_en,
  author = {Pincus, Steven M},
  title = {Approximate entropy as a measure of system complexity},
  journal = {Proceedings of the National Academy of Sciences},
  volume = {88},
  number = {6},
  pages = {2297-2301},
  year = {1991},
  doi = {10.1073/pnas.88.6.2297},
  URL = {https://www.pnas.org/doi/abs/10.1073/pnas.88.6.2297},
  eprint = {https://www.pnas.org/doi/pdf/10.1073/pnas.88.6.2297}
}

@ARTICLE{fuzz_en_approx_1,
  author={Chen, Weiting and Wang, Zhizhong and Xie, Hongbo and Yu, Wangxin},
  journal={IEEE Transactions on Neural Systems and Rehabilitation Engineering}, 
  title={Characterization of Surface EMG Signal Based on Fuzzy Entropy}, 
  year={2007},
  volume={15},
  number={2},
  pages={266-272},
  doi={10.1109/TNSRE.2007.897025}
}

@article{XIE20087140,
    title = {Measuring time series regularity using nonlinear similarity-based sample entropy},
    journal = {Physics Letters A},
    volume = {372},
    number = {48},
    pages = {7140-7146},
    year = {2008},
    issn = {0375-9601},
    doi = {10.1016/j.physleta.2008.10.049},
    url = {https://www.sciencedirect.com/science/article/pii/S0375960108015387},
    author = {Hong-Bo Xie and Wei-Xing He and Hui Liu},
    keywords = {Time series, Regularity, Sample entropy, Sigmoid function, Chaos system}
}

@article{PhysRevLett.83.1471,
    title = {Universal and Nonuniversal Properties of Cross Correlations in Financial Time Series},
    author = {Plerou, Vasiliki and Gopikrishnan, Parameswaran and Rosenow, Bernd and Nunes Amaral, Lu\'{\i}s A. and Stanley, H. Eugene},
    journal = {Phys. Rev. Lett.},
    volume = {83},
    issue = {7},
    pages = {1471--1474},
    numpages = {0},
    year = {1999},
    month = {Aug},
    publisher = {American Physical Society},
    doi = {10.1103/PhysRevLett.83.1471},
    url = {https://link.aps.org/doi/10.1103/PhysRevLett.83.1471}
}

@article{GUHR1998189,
    title = {Random-matrix theories in quantum physics: common concepts},
    journal = {Physics Reports},
    volume = {299},
    number = {4},
    pages = {189-425},
    year = {1998},
    issn = {0370-1573},
    doi = {10.1016/S0370-1573(97)00088-4},
    url = {https://www.sciencedirect.com/science/article/pii/S0370157397000884},
    author = {Thomas Guhr and Axel Müller–Groeling and Hans A. Weidenmüller},
    keywords = {Random matrix theory, Chaos, Statistical many-body theory, Disordered solids}
}

@article{PhysRevLett.69.1093,
    title = {Analytical derivation of the scaling law for the inverse participation ratio in quasi-one-dimensional disordered systems},
    author = {Fyodorov, Yan V. and Mirlin, Alexander D.},
    journal = {Phys. Rev. Lett.},
    volume = {69},
    issue = {7},
    pages = {1093--1096},
    numpages = {0},
    year = {1992},
    month = {Aug},
    publisher = {American Physical Society},
    doi = {10.1103/PhysRevLett.69.1093},
    url = {https://link.aps.org/doi/10.1103/PhysRevLett.69.1093}
}

@article{Wigner_1951_1, 
    title={On the statistical distribution of the widths and spacings of nuclear resonance levels}, 
    volume={47}, 
    DOI={10.1017/S0305004100027237}, 
    number={4}, 
    journal={Mathematical Proceedings of the Cambridge Philosophical Society}, 
    author={Wigner, Eugene P.}, 
    year={1951}, 
    pages={790--798}
}

@article{Wigner_1951_2,
    ISSN = {0003486X},
    URL = {http://www.jstor.org/stable/1969342},
    author = {Eugene P. Wigner},
    journal = {Annals of Mathematics},
    number = {1},
    pages = {36--67},
    publisher = {Annals of Mathematics},
    title = {On a Class of Analytic Functions from the Quantum Theory of Collisions},
    urldate = {2024-01-29},
    volume = {53},
    year = {1951}
}

@article{10.1063/1.1703773,
    author = {Dyson, Freeman J.},
    title = "{Statistical Theory of the Energy Levels of Complex Systems. I}",
    journal = {Journal of Mathematical Physics},
    volume = {3},
    number = {1},
    pages = {140-156},
    year = {2004},
    month = {12},
    issn = {0022-2488},
    doi = {10.1063/1.1703773},
    url = {https://doi.org/10.1063/1.1703773},
    eprint = {https://pubs.aip.org/aip/jmp/article-pdf/3/1/140/8157927/140\_1\_online.pdf},
}

@article{10.1063/1.1704008,
    author = {Dyson, Freeman J. and Mehta, Madan Lal},
    title = "{Statistical Theory of the Energy Levels of Complex Systems. IV}",
    journal = {Journal of Mathematical Physics},
    volume = {4},
    number = {5},
    pages = {701-712},
    year = {2004},
    month = {12},
    issn = {0022-2488},
    doi = {10.1063/1.1704008},
    url = {https://doi.org/10.1063/1.1704008},
    eprint = {https://pubs.aip.org/aip/jmp/article-pdf/4/5/701/8168787/701\_1\_online.pdf},
}

@article{10.1063/1.1704009,
    author = {Mehta, Madan Lal and Dyson, Freeman J.},
    title = "{Statistical Theory of the Energy Levels of Complex Systems. V}",
    journal = {Journal of Mathematical Physics},
    volume = {4},
    number = {5},
    pages = {713-719},
    year = {2004},
    month = {12},
    issn = {0022-2488},
    doi = {10.1063/1.1704009},
    url = {https://doi.org/10.1063/1.1704009},
    eprint = {https://pubs.aip.org/aip/jmp/article-pdf/4/5/713/8168835/713\_1\_online.pdf},
}

@book{mehta1991random,
  title={Random Matrices},
  author={Mehta, M.L.},
  isbn={9780124880511},
  lccn={90000257},
  year={1991},
  publisher={Academic Press}
}

@article{RevModPhys.53.385,
  title = {Random-matrix physics: spectrum and strength fluctuations},
  author = {Brody, T. A. and Flores, J. and French, J. B. and Mello, P. A. and Pandey, A. and Wong, S. S. M.},
  journal = {Rev. Mod. Phys.},
  volume = {53},
  issue = {3},
  pages = {385--479},
  numpages = {0},
  year = {1981},
  month = {Jul},
  publisher = {American Physical Society},
  doi = {10.1103/RevModPhys.53.385},
  url = {https://link.aps.org/doi/10.1103/RevModPhys.53.385}
}

@article{PhysRevLett.83.1467,
  title = {Noise Dressing of Financial Correlation Matrices},
  author = {Laloux, Laurent and Cizeau, Pierre and Bouchaud, Jean-Philippe and Potters, Marc},
  journal = {Phys. Rev. Lett.},
  volume = {83},
  issue = {7},
  pages = {1467--1470},
  numpages = {0},
  year = {1999},
  month = {Aug},
  publisher = {American Physical Society},
  doi = {10.1103/PhysRevLett.83.1467},
  url = {https://link.aps.org/doi/10.1103/PhysRevLett.83.1467}
}

@Book{Muirhead,
  title={Aspects of multivariate statistical theory},
  authors={Robb J. Muirhead},   
  year={1982},
  doi={10.1002/9780470316559}, 
  isbn={9780471094425}, 
  publisher={Wiley, New York}, 
  year={1982}
             
}

@article{dyson1971distribution,
  title={Distribution of eigenvalues for a class of real symmetric matrices},
  author={Dyson, Freeman J},
  journal={Revista Mexicana de Fisica},
  volume={20},
  number={4},
  pages={231--237},
  year={1971}
}

@article{PhysRevE.60.3389,
  title = {Distributions of singular values for some random matrices},
  author = {Sengupta, A. M. and Mitra, P. P.},
  journal = {Phys. Rev. E},
  volume = {60},
  issue = {3},
  pages = {3389--3392},
  numpages = {0},
  year = {1999},
  month = {Sep},
  publisher = {American Physical Society},
  doi = {10.1103/PhysRevE.60.3389},
  url = {https://link.aps.org/doi/10.1103/PhysRevE.60.3389}
}

@article{shannon,
author = {Shannon, C. E.},
title = {A Mathematical Theory of Communication},
journal = {Bell System Technical Journal},
volume = {27},
number = {3},
pages = {379-423},
doi = {10.1002/j.1538-7305.1948.tb01338.x},
url = {https://onlinelibrary.wiley.com/doi/abs/10.1002/j.1538-7305.1948.tb01338.x},
eprint = {https://onlinelibrary.wiley.com/doi/pdf/10.1002/j.1538-7305.1948.tb01338.x},
year = {1948}
}

@article{doi:10.1098/rsta.1922.0009,
  author = {Fisher, R. A. and Russell, Edward John },
  title = {On the mathematical foundations of theoretical statistics},
  journal = {Philosophical Transactions of the Royal Society of London. Series A, Containing Papers of a Mathematical or Physical Character},
  volume = {222},
  number = {594-604},
  pages = {309-368},
  year = {1922},
  doi = {10.1098/rsta.1922.0009},
  URL = {https://royalsocietypublishing.org/doi/abs/10.1098/rsta.1922.0009},
  eprint = {https://royalsocietypublishing.org/doi/pdf/10.1098/rsta.1922.0009}
}

@article{HJORTH1970306,
  title = {EEG analysis based on time domain properties},
  journal = {Electroencephalography and Clinical Neurophysiology},
  volume = {29},
  number = {3},
  pages = {306-310},
  year = {1970},
  issn = {0013-4694},
  doi = {10.1016/0013-4694(70)90143-4},
  url = {https://www.sciencedirect.com/science/article/pii/0013469470901434},
  author = {Bo Hjorth}
}

@article{MORMANN2005569,
title = {On the predictability of epileptic seizures},
journal = {Clinical Neurophysiology},
volume = {116},
number = {3},
pages = {569-587},
year = {2005},
issn = {1388-2457},
doi = {10.1016/j.clinph.2004.08.025},
url = {https://www.sciencedirect.com/science/article/pii/S1388245704004638},
author = {Florian Mormann and Thomas Kreuz and Christoph Rieke and Ralph G. Andrzejak and Alexander Kraskov and Peter David and Christian E. Elger and Klaus Lehnertz}
}

@ARTICLE{10.3389/fphys.2012.00208,
  AUTHOR={Marmelat, Vivien and Torre, Kjerstin and Delignieres, Didier},   
	TITLE={Relative Roughness: An Index for Testing the Suitability of the Monofractal Model},      
	JOURNAL={Frontiers in Physiology},      
	VOLUME={3},           
	YEAR={2012},      
	URL={https://www.frontiersin.org/articles/10.3389/fphys.2012.00208},       
	DOI={10.3389/fphys.2012.00208},      
	ISSN={1664-042X}
}

@book{cover1999elements,
  title={Elements of information theory},
  author={Cover, Thomas M},
  year={1999},
  publisher={John Wiley \& Sons}
}

@article{doi:10.1080/00207166808803030,
  author = {A. N. Kolmogorov},
  title = {Three approaches to the quantitative definition of information},
  journal = {International Journal of Computer Mathematics},
  volume = {2},
  number = {1-4},
  pages = {157-168},
  year = {1968},
  publisher = {Taylor & Francis},
  doi = {10.1080/00207166808803030},
  URL = {https://doi.org/10.1080/00207166808803030},
  eprint = {https://doi.org/10.1080/00207166808803030}
}

@Article{e19070310,
  AUTHOR = {Kanwal, Maxinder S. and Grochow, Joshua A. and Ay, Nihat},
  TITLE = {Comparing Information-Theoretic Measures of Complexity in Boltzmann Machines},
  JOURNAL = {Entropy},
  VOLUME = {19},
  YEAR = {2017},
  NUMBER = {7},
  ARTICLE-NUMBER = {310},
  URL = {https://www.mdpi.com/1099-4300/19/7/310},
  ISSN = {1099-4300},
  DOI = {10.3390/e19070310}
}

@Inbook{Li2008,
  author="Li, Ming
  and Vit{\'a}nyi, Paul",
  title="Preliminaries",
  bookTitle="An Introduction to Kolmogorov Complexity and Its Applications",
  year="2008",
  publisher="Springer New York",
  address="New York, NY",
  pages="1--99",
  isbn="978-0-387-49820-1",
  doi="10.1007/978-0-387-49820-1_1",
  url="https://doi.org/10.1007/978-0-387-49820-1_1"
}

@Inbook{Bonchev2009,
  author="Bonchev, Danail G.",
  editor="Meyers, Robert A.",
  title="Information Theoretic Complexity Measures",
  bookTitle="Encyclopedia of Complexity and Systems Science",
  year="2009",
  publisher="Springer New York",
  address="New York, NY",
  pages="4820--4839",
  isbn="978-0-387-30440-3",
  doi="10.1007/978-0-387-30440-3_285",
  url="https://doi.org/10.1007/978-0-387-30440-3_285"
}

@article{10.1162/ARTL_a_00157,
    author = {Lui, Leong Ting and Terrazas, Germán and Zenil, Hector and Alexander, Cameron and Krasnogor, Natalio},
    title = "{Complexity Measurement Based on Information Theory and Kolmogorov Complexity}",
    journal = {Artificial Life},
    volume = {21},
    number = {2},
    pages = {205-224},
    year = {2015},
    month = {05},
    abstract = "{In the past decades many definitions of complexity have been proposed. Most of these definitions are based either on Shannon's information theory or on Kolmogorov complexity; these two are often compared, but very few studies integrate the two ideas. In this article we introduce a new measure of complexity that builds on both of these theories. As a demonstration of the concept, the technique is applied to elementary cellular automata and simulations of the self-organization of porphyrin molecules.}",
    issn = {1064-5462},
    doi = {10.1162/ARTL_a_00157},
    url = {https://doi.org/10.1162/ARTL\_a\_00157},
    eprint = {https://direct.mit.edu/artl/article-pdf/21/2/205/1665719/artl\_a\_00157.pdf},
}

@article{PhysRevE.84.036214,
  title = {Delay independence of mutual-information rate of two symbolic sequences},
  author = {Blanc, Jean-Luc and Pezard, Laurent and Lesne, Annick},
  journal = {Phys. Rev. E},
  volume = {84},
  issue = {3},
  pages = {036214},
  numpages = {9},
  year = {2011},
  month = {Sep},
  publisher = {American Physical Society},
  doi = {10.1103/PhysRevE.84.036214},
  url = {https://link.aps.org/doi/10.1103/PhysRevE.84.036214}
}

@article{ZOZOR2005285,
  title = {On Lempel–Ziv complexity for multidimensional data analysis},
  journal = {Physica A: Statistical Mechanics and its Applications},
  volume = {345},
  number = {1},
  pages = {285-302},
  year = {2005},
  issn = {0378-4371},
  doi = {10.1016/j.physa.2004.07.025},
  url = {https://www.sciencedirect.com/science/article/pii/S037843710400994X},
  author = {S. Zozor and P. Ravier and O. Buttelli}
}

@article{10.1063/1.4808251,
    author = {Estevez-Rams, E. and Lora Serrano, R. and Aragón Fernández, B. and Brito Reyes, I.},
    title = "{On the non-randomness of maximum Lempel Ziv complexity sequences of finite size}",
    journal = {Chaos: An Interdisciplinary Journal of Nonlinear Science},
    volume = {23},
    number = {2},
    pages = {023118},
    year = {2013},
    month = {06},
    issn = {1054-1500},
    doi = {10.1063/1.4808251},
    url = {https://doi.org/10.1063/1.4808251},
    eprint = {https://pubs.aip.org/aip/cha/article-pdf/doi/10.1063/1.4808251/14604355/023118\_1\_online.pdf},
}

@ARTICLE{1055501,
  author={Lempel, A. and Ziv, J.},
  journal={IEEE Transactions on Information Theory}, 
  title={On the Complexity of Finite Sequences}, 
  year={1976},
  volume={22},
  number={1},
  pages={75-81},
  keywords={},
  doi={10.1109/TIT.1976.1055501}
}

@article{Giglio_2008,
  doi = {10.1209/0295-5075/84/48005},
  url = {https://dx.doi.org/10.1209/0295-5075/84/48005},
  year = {2008},
  month = {nov},
  publisher = {},
  volume = {84},
  number = {4},
  pages = {48005},
  author = {R. Giglio and R. Matsushita and A. Figueiredo and I. Gleria and S. Da Silva},
  title = {Algorithmic complexity theory and the relative efficiency of financial markets},
  journal = {Europhysics Letters}
}

@Article{RePEc:ebl:ecbull:eb-11-00319,
  author={Cleiton Taufemback and Ricardo Giglio and Sergio Da Silva},
  title={{Algorithmic complexity theory detects decreases in the relative efficiency of stock markets in the aftermath of the 2008 financial crisis}},
  journal={Economics Bulletin},
  year={2011},
  volume={31},
  number={2},
  pages={1631-1647},
  url={https://ideas.repec.org/a/ebl/ecbull/eb-11-00319.html}
}

@TECHREPORT{RePEc:pra:mprapa:22720,
  title = {Ranking the stocks listed on Bovespa according to their relative efficiency},
  author = {Giglio, Ricardo and Da Silva, Sergio},
  year = {2009},
  institution = {University Library of Munich, Germany},
  type = {MPRA Paper},
  keywords = {Algorithmic complexity theory; Econophysics; Financial efficiency},
  url = {https://EconPapers.repec.org/RePEc:pra:mprapa:22720}
}

@article{BAI2015102,
  title = {A permutation Lempel-Ziv complexity measure for EEG analysis},
  journal = {Biomedical Signal Processing and Control},
  volume = {19},
  pages = {102-114},
  year = {2015},
  issn = {1746-8094},
  doi = {https://doi.org/10.1016/j.bspc.2015.04.002},
  url = {https://www.sciencedirect.com/science/article/pii/S1746809415000506},
  author = {Yang Bai and Zhenhu Liang and Xiaoli Li}
}

@Article{e23070832,
  AUTHOR = {Borowska, Marta},
  TITLE = {Multiscale Permutation Lempel–Ziv Complexity Measure for Biomedical Signal Analysis: 
  Interpretation and Application to Focal EEG Signals},
  JOURNAL = {Entropy},
  VOLUME = {23},
  YEAR = {2021},
  NUMBER = {7},
  ARTICLE-NUMBER = {832},
  URL = {https://www.mdpi.com/1099-4300/23/7/832},
  PubMedID = {34210034},
  ISSN = {1099-4300},
  DOI = {10.3390/e23070832}
}

@article{hillen2013joint,
  title={Joint-specific changes in locomotor complexity in the absence of muscle atrophy following incomplete spinal cord injury},
  author={Hillen, Brian K and Yamaguchi, Gary T and Abbas, James J and Jung, Ranu},
  journal={Journal of NeuroEngineering and Rehabilitation},
  volume={10},
  number={1},
  pages={1--15},
  year={2013},
  publisher={BioMed Central}, 
  doi={10.1186/1743-0003-10-97},
  url={https://doi.org/10.1186/1743-0003-10-97}
}

@article{costa2008multiscale,
  title={Multiscale analysis of heart rate dynamics: entropy and time irreversibility measures},
  author={Costa, Madalena D and Peng, Chung-Kang and Goldberger, Ary L},
  journal={Cardiovascular Engineering},
  volume={8},
  pages={88--93},
  year={2008},
  publisher={Springer}
}

@book{clausius1867mechanical,
  title={The Mechanical Theory of Heat: With Its Applications to the Steam-engine and to the Physical Properties of Bodies},
  author={Clausius, R. and Hirst, T.A. and Tyndall, J.},
  lccn={11032511},
  series={Landmarks of Science},
  year={1867},
  publisher={J. Van Voorst}
}

@Inbook{Boltzmann1970,
  author="Boltzmann, Ludwig",
  title="Weitere Studien {\"u}ber das W{\"a}rmegleichgewicht unter Gasmolek{\"u}len",
  bookTitle="Kinetische Theorie II: Irreversible Prozesse Einf{\"u}hrung und Originaltexte",
  year="1970",
  publisher="Vieweg+Teubner Verlag",
  address="Wiesbaden",
  pages="115--225",
  isbn="978-3-322-84986-1",
  doi="10.1007/978-3-322-84986-1_3",
  url="https://doi.org/10.1007/978-3-322-84986-1_3"
}

@article{KATZ1988145,
  title = {Fractals and the analysis of waveforms},
  journal = {Computers in Biology and Medicine},
  volume = {18},
  number = {3},
  pages = {145-156},
  year = {1988},
  issn = {0010-4825},
  doi = {10.1016/0010-4825(88)90041-8},
  url = {https://www.sciencedirect.com/science/article/pii/0010482588900418},
  author = {Michael J. Katz},
  keywords = {EEG, fractal dimension, pattern recognition, random walk, waveforms}
}

@misc{sevcik2010procedure,
      title={A procedure to Estimate the Fractal Dimension of Waveforms}, 
      author={Carlos Sevcik},
      year={2010},
      eprint={1003.5266},
      archivePrefix={arXiv},
      primaryClass={nlin.CD}
}

@article{kalauzi2009extracting,
  title={Extracting complexity waveforms from one-dimensional signals},
  author={Kalauzi, Aleksandar and Boji{\'c}, Tijana and Raki{\'c}, Ljubisav},
  journal={Nonlinear biomedical physics},
  volume={3},
  number={1},
  pages={1--11},
  year={2009},
  publisher={BioMed Central}, 
  url={https://doi.org/10.1186/1753-4631-3-8}, 
  doi={10.1186/1753-4631-3-8}
}

@ARTICLE{10.3389/fphys.2013.00075,
  AUTHOR={Hasselman, Fred},   
  TITLE={When the blind curve is finite: dimension estimation and 
  model inference based on empirical waveforms},      
  JOURNAL={Frontiers in Physiology},      
  VOLUME={4},           
  YEAR={2013},      
  URL={https://www.frontiersin.org/articles/10.3389/fphys.2013.00075},       
  DOI={10.3389/fphys.2013.00075},      
  ISSN={1664-042X}   
}

@Inbook{Voss1988,
  author="Voss, Richard F.",
  editor="Peitgen, Heinz-Otto
  and Saupe, Dietmar",
  title="Fractals in nature: From characterization to simulation",
  bookTitle="The Science of Fractal Images",
  year="1988",
  publisher="Springer New York",
  address="New York, NY",
  pages="21--70",
  isbn="978-1-4612-3784-6",
  doi="10.1007/978-1-4612-3784-6_1",
  url="https://doi.org/10.1007/978-1-4612-3784-6_1"
}

@article{GRASSBERGER1983189,
  title = {Measuring the strangeness of strange attractors},
  journal = {Physica D: Nonlinear Phenomena},
  volume = {9},
  number = {1},
  pages = {189-208},
  year = {1983},
  issn = {0167-2789},
  doi = {10.1016/0167-2789(83)90298-1},
  url = {https://www.sciencedirect.com/science/article/pii/0167278983902981},
  author = {Peter Grassberger and Itamar Procaccia}
}

@article{PhysRevLett.50.346,
  title = {Characterization of Strange Attractors},
  author = {Grassberger, Peter and Procaccia, Itamar},
  journal = {Phys. Rev. Lett.},
  volume = {50},
  issue = {5},
  pages = {346--349},
  numpages = {0},
  year = {1983},
  month = {Jan},
  publisher = {American Physical Society},
  doi = {10.1103/PhysRevLett.50.346},
  url = {https://link.aps.org/doi/10.1103/PhysRevLett.50.346}
}

@article{GRASSBERGER1983227,
  title = {Generalized dimensions of strange attractors},
  journal = {Physics Letters A},
  volume = {97},
  number = {6},
  pages = {227-230},
  year = {1983},
  issn = {0375-9601},
  doi = {https://doi.org/10.1016/0375-9601(83)90753-3},
  url = {https://www.sciencedirect.com/science/article/pii/0375960183907533},
  author = {Peter Grassberger}
}

@article{HIGUCHI1988277,
  title = {Approach to an irregular time series on the basis of the fractal theory},
  journal = {Physica D: Nonlinear Phenomena},
  volume = {31},
  number = {2},
  pages = {277-283},
  year = {1988},
  issn = {0167-2789},
  doi = {10.1016/0167-2789(88)90081-4},
  url = {https://www.sciencedirect.com/science/article/pii/0167278988900814},
  author = {T. Higuchi}
}

@INPROCEEDINGS{465426,
  author={Petrosian, A.},
  booktitle={Proceedings Eighth IEEE Symposium on Computer-Based Medical Systems}, 
  title={Kolmogorov complexity of finite sequences and recognition of different preictal EEG patterns}, 
  year={1995},
  pages={212-217},
  doi={10.1109/CBMS.1995.465426}
}

@ARTICLE{904882,
  author={Esteller, R. and Vachtsevanos, G. and Echauz, J. and Litt, B.},
  journal={IEEE Transactions on Circuits and Systems I: Fundamental Theory and Applications}, 
  title={A comparison of waveform fractal dimension algorithms}, 
  year={2001},
  volume={48},
  number={2},
  pages={177-183},
  doi={10.1109/81.904882}
}

@inproceedings{goh:inria-00442374,
  TITLE = {{Comparison of Fractal Dimension Algorithms for the Computation of EEG Biomarkers for Dementia}},
  AUTHOR = {Goh, Cindy and Hamadicharef, Brahim and Henderson, Goeff T. and Ifeachor, Emmanuel C.},
  URL = {https://inria.hal.science/inria-00442374},
  BOOKTITLE = {{2nd International Conference on Computational Intelligence in Medicine and Healthcare (CIMED2005)}},
  ADDRESS = {Lisbon, Portugal},
  ORGANIZATION = {{Professor Jos{\'e} Manuel Fonseca, UNINOVA, Portugal}},
  YEAR = {2005},
  MONTH = Jun,
  PDF = {https://inria.hal.science/inria-00442374/file/BHC-EEG-FD-AD-CIMED-2005.pdf},
  HAL_ID = {inria-00442374},
  HAL_VERSION = {v1},
}

@INPROCEEDINGS{7168285,
  author={Vega, Christian Flores and Noel, Julien},
  booktitle={2015 Signal Processing Symposium (SPSympo)}, 
  title={Parameters analyzed of Higuchi's fractal dimension for EEG brain signals}, 
  year={2015},
  volume={},
  number={},
  pages={1-5},
  doi={10.1109/SPS.2015.7168285}
}

@article{10.1119/1.13295,
    author = {Mandelbrot, Benoit B. and Wheeler, John A.},
    title = "{The Fractal Geometry of Nature}",
    journal = {American Journal of Physics},
    volume = {51},
    number = {3},
    pages = {286-287},
    year = {1983},
    month = {03},
    issn = {0002-9505},
    doi = {10.1119/1.13295},
    url = {https://doi.org/10.1119/1.13295},
    eprint = {https://pubs.aip.org/aapt/ajp/article-pdf/51/3/286/11711799/286\_1\_online.pdf},
}

@article{doi:10.1061/TACEAT.0006518,
  author = {H. E. Hurst },
  title = {Long-Term Storage Capacity of Reservoirs},
  journal = {Transactions of the American Society of Civil Engineers},
  volume = {116},
  number = {1},
  pages = {770-799},
  year = {1951},
  doi = {10.1061/TACEAT.0006518},
  URL = {https://ascelibrary.org/doi/abs/10.1061/TACEAT.0006518},
  eprint = {https://ascelibrary.org/doi/pdf/10.1061/TACEAT.0006518}
}

@article{hurst1957suggested,
  title={A suggested statistical model of some time series which occur in nature},
  author={Hurst, Harold Edwin},
  journal={Nature},
  volume={180},
  number={4584},
  pages={494--494},
  year={1957},
  publisher={Nature Publishing Group UK London}, 
  doi={10.1038/180494a0},
  url={https://doi.org/10.1038/180494a0}
}

@article{PhysRevE.49.1685,
  title = {Mosaic organization of DNA nucleotides},
  author = {Peng, C.-K. and Buldyrev, S. V. and Havlin, S. and Simons, M. and Stanley, H. E. and Goldberger, A. L.},
  journal = {Phys. Rev. E},
  volume = {49},
  issue = {2},
  pages = {1685--1689},
  numpages = {0},
  year = {1994},
  month = {Feb},
  publisher = {American Physical Society},
  doi = {10.1103/PhysRevE.49.1685},
  url = {https://link.aps.org/doi/10.1103/PhysRevE.49.1685}
}

@article{JIANG2014235,
  title = {Testing the weak-form efficiency of the WTI crude oil futures market},
  journal = {Physica A: Statistical Mechanics and its Applications},
  volume = {405},
  pages = {235-244},
  year = {2014},
  issn = {0378-4371},
  doi = {10.1016/j.physa.2014.02.042},
  url = {https://www.sciencedirect.com/science/article/pii/S0378437114001514},
  author = {Zhi-Qiang Jiang and Wen-Jie Xie and Wei-Xing Zhou},
  keywords = {Crude oil futures, Weak-form efficiency, Bootstrapping}
}

@book{Bozhokin,
  title={Fractals and Multifractals: Textbook},
  author={Bozhokin, Sergey Valentinovich and Parshin, Dmitry Alekseevich},
  year={2001},
  isbn={5-93972-060-9},
  pages={128},
  publisher={Scientific and Publishing Center "Regular and Chaotic Dynamics"}
}

@article{PhysRevA.42.4528,
  title = {Exactly self-similar left-sided multifractal measures},
  author = {Mandelbrot, Benoit B. and Evertsz, Carl J. G. and Hayakawa, Yoshinori},
  journal = {Phys. Rev. A},
  volume = {42},
  issue = {8},
  pages = {4528--4536},
  numpages = {0},
  year = {1990},
  month = {Oct},
  publisher = {American Physical Society},
  doi = {10.1103/PhysRevA.42.4528},
  url = {https://link.aps.org/doi/10.1103/PhysRevA.42.4528}
}

@InProceedings{10.1007/3-7643-7412-8_8,
  author="Jelinek, H.F. and Elston, N. and Zietsch, B.",
  editor="Losa, Gabriele A.
  and Merlini, Danilo
  and Nonnenmacher, Theo F.
  and Weibel, Ewald R.",
  title="Fractal Analysis: Pitfalls and Revelations in Neuroscience",
  booktitle="Fractals in Biology and Medicine",
  year="2005",
  publisher="Birkh{\"a}user Basel",
  address="Basel",
  pages="85--94",
  isbn="978-3-7643-7412-9"
}

@book{mandelbrot1982fractal,
  title={The fractal geometry of nature},
  author={Mandelbrot, Benoit B and Mandelbrot, Benoit B},
  volume={1},
  year={1982},
  publisher={WH freeman New York}
}

@inproceedings{steinhaus1954length,
  title={Length, shape and area},
  author={Steinhaus, Hugo},
  booktitle={Colloquium mathematicum},
  volume={3},
  number={1},
  pages={1--13},
  year={1954},
  organization={Polska Akademia Nauk. Instytut Matematyczny PAN}
}

@article{vulpiani2014lewis,
  title={Lewis Fry Richardson: scientist, visionary and pacifist},
  author={Vulpiani, Angelo},
  journal={Lettera Matematica},
  volume={2},
  pages={121--128},
  year={2014},
  publisher={Springer}, 
  doi={10.1007/s40329-014-0063-z},
  url={https://doi.org/10.1007/s40329-014-0063-z}
}

@article{0c446163-c0a0-36ed-a942-0e71e56cd938,
  ISSN = {00030996},
  URL = {http://www.jstor.org/stable/27857587},
  author = {Brian Hayes},
  journal = {American Scientist},
  number = {1},
  pages = {10--15},
  publisher = {Sigma Xi, The Scientific Research Society},
  title = {Computing Science: Statistics of Deadly Quarrels},
  urldate = {2024-01-30},
  volume = {90},
  year = {2002}
}

@article{science.156.3775.636,
  author = {Benoit Mandelbrot},
  title = {How Long Is the Coast of Britain? Statistical Self-Similarity and Fractional Dimension},
  journal = {Science},
  volume = {156},
  number = {3775},
  pages = {636-638},
  year = {1967},
  doi = {10.1126/science.156.3775.636},
  URL = {https://www.science.org/doi/abs/10.1126/science.156.3775.636},
  eprint = {https://www.science.org/doi/pdf/10.1126/science.156.3775.636}
}

@article{tsallis1988possible,
  title={Possible generalization of Boltzmann-Gibbs statistics},
  author={Tsallis, Constantino},
  journal={Journal of statistical physics},
  volume={52},
  pages={479--487},
  year={1988},
  publisher={Springer},
  doi={10.1007/BF01016429},
  url={https://doi.org/10.1007/BF01016429}
}

@article{TSALLIS20041,
  title = {Dynamical scenario for nonextensive statistical mechanics},
  journal = {Physica A: Statistical Mechanics and its Applications},
  volume = {340},
  number = {1},
  pages = {1-10},
  year = {2004},
  note = {News and Expectations in Thermostatistics},
  issn = {0378-4371},
  doi = {10.1016/j.physa.2004.03.072},
  url = {https://www.sciencedirect.com/science/article/pii/S0378437104003929},
  author = {Constantino Tsallis},
  keywords = {Nonlinear dynamics, Nonextensive statistical mechanics, Metastable states, Mixing, Weak chaos}
}


@article{doi:10.1073/pnas.0503807102,
  author = {Constantino Tsallis  and Murray Gell-Mann  and Yuzuru Sato },
  title = {Asymptotically scale-invariant occupancy of phase space makes the entropy <i>S<sub>q</sub></i> extensive},
  journal = {Proceedings of the National Academy of Sciences},
  volume = {102},
  number = {43},
  pages = {15377-15382},
  year = {2005},
  doi = {10.1073/pnas.0503807102},
  URL = {https://www.pnas.org/doi/abs/10.1073/pnas.0503807102},
  eprint = {https://www.pnas.org/doi/pdf/10.1073/pnas.0503807102}
}

@Article{e19090457,
  AUTHOR = {Tsallis, Constantino},
  TITLE = {Economics and Finance: q-Statistical Stylized Features Galore},
  JOURNAL = {Entropy},
  VOLUME = {19},
  YEAR = {2017},
  NUMBER = {9},
  ARTICLE-NUMBER = {457},
  URL = {https://www.mdpi.com/1099-4300/19/9/457},
  ISSN = {1099-4300},
  DOI = {10.3390/e19090457}
}

@book{g1989exploring,
  title={Exploring Complexity: An Introduction},
  author={G. Nicolis and Prigogine, I. and W. H. Freeman and Company},
  isbn={9780716718598},
  lccn={88033555},
  year={1989},
  publisher={W.H. Freeman}
}

@Article{e21070696,
  AUTHOR = {Tsallis, Constantino},
  TITLE = {Beyond Boltzmann–Gibbs–Shannon in Physics and Elsewhere},
  JOURNAL = {Entropy},
  VOLUME = {21},
  YEAR = {2019},
  NUMBER = {7},
  ARTICLE-NUMBER = {696},
  URL = {https://www.mdpi.com/1099-4300/21/7/696},
  PubMedID = {33267410},
  ISSN = {1099-4300},
  DOI = {10.3390/e21070696}
}

@Article{e21070648,
  AUTHOR = {Pavlos, Evgenios G. and Malandraki, Olga E. and Khabarova, Olga V. and Karakatsanis, Leonidas P. and Pavlos, George P. and Livadiotis, George},
  TITLE = {Non-Extensive Statistical Analysis of Energetic Particle Flux Enhancements Caused by the Interplanetary Coronal Mass Ejection-Heliospheric Current Sheet Interaction},
  JOURNAL = {Entropy},
  VOLUME = {21},
  YEAR = {2019},
  NUMBER = {7},
  ARTICLE-NUMBER = {648},
  URL = {https://www.mdpi.com/1099-4300/21/7/648},
  PubMedID = {33267362},
  ISSN = {1099-4300},
  DOI = {10.3390/e21070648}
}

@article{de2021connecting,
  title={Connecting complex networks to nonadditive entropies},
  author={de Oliveira, RM and Brito, Samura{\'\i} and da Silva, LR and Tsallis, Constantino},
  journal={Scientific Reports},
  volume={11},
  number={1},
  pages={1130},
  year={2021},
  publisher={Nature Publishing Group UK London}
}

@article{pavlos2015complexity,
  title={Complexity of Economical Systems.},
  author={Pavlos, GP and Iliopoulos, AC and Karakatsanis, LP and Xenakis, M and Pavlos, E},
  journal={Journal of Engineering Science \& Technology Review},
  volume={8},
  number={1},
  year={2015}, 
  url={https://www.academia.edu/download/37828856/Complexity_of_Economical_Systems.pdf}
}

@inproceedings{DBLP:conf/m3e2/BielinskyiSSSSP20,
  author       = {Andrii Bielinskyi and
                  Serhiy Semerikov and
                  Oleksandr Serdyuk and
                  Viktoria Solovieva and
                  Vladimir N. Soloviev and
                  Luk{\'{a}}s Pichl},
  editor       = {Arnold Kiv},
  title        = {Econophysics of sustainability indices},
  booktitle    = {Proceedings of the Selected Papers of the Special Edition of International
                  Conference on Monitoring, Modeling {\&} Management of Emergent
                  Economy {(M3E2-MLPEED} 2020), Odessa, Ukraine, July 13-18, 2020},
  series       = {{CEUR} Workshop Proceedings},
  volume       = {2713},
  pages        = {372--392},
  publisher    = {CEUR-WS.org},
  year         = {2020},
  url          = {https://ceur-ws.org/Vol-2713/paper41.pdf},
  timestamp    = {Fri, 10 Mar 2023 16:23:44 +0100},
  biburl       = {https://dblp.org/rec/conf/m3e2/BielinskyiSSSSP20.bib},
  bibsource    = {dblp computer science bibliography, https://dblp.org}
}

@article{FERRI20101829,
  title = {Tsallis' q-triplet and the ozone layer},
  journal = {Physica A: Statistical Mechanics and its Applications},
  volume = {389},
  number = {9},
  pages = {1829-1833},
  year = {2010},
  issn = {0378-4371},
  doi = {https://doi.org/10.1016/j.physa.2009.12.020},
  url = {https://www.sciencedirect.com/science/article/pii/S0378437109010164},
  author = {G.L. Ferri and M.F. {Reynoso Savio} and A. Plastino},
  keywords = {Nonextensive statistical mechanics, Meta-stable states, Mixing, Weak chaos, -triplet, Stratospheric ozone}
}

@article{PhysRevLett.80.5313,
  title = {Breakdown of Exponential Sensitivity to Initial Conditions: Role of the Range of Interactions},
  author = {Anteneodo, Celia and Tsallis, Constantino},
  journal = {Phys. Rev. Lett.},
  volume = {80},
  issue = {24},
  pages = {5313--5316},
  numpages = {0},
  year = {1998},
  month = {Jun},
  publisher = {American Physical Society},
  doi = {10.1103/PhysRevLett.80.5313},
  url = {https://link.aps.org/doi/10.1103/PhysRevLett.80.5313}
}

@article{doi:10.1142/S0218127412300303,
  author = {TSALLIS, CONSTANTINO},
  title = {Some open problems in nonextensive statistical mechanics},
  journal = {International Journal of Bifurcation and Chaos},
  volume = {22},
  number = {09},
  pages = {1230030},
  year = {2012},
  doi = {10.1142/S0218127412300303},
  URL = {https://doi.org/10.1142/S0218127412300303},
  eprint = {https://doi.org/10.1142/S0218127412300303}
}

@article{umarov2008aq,
  title={On aq-central limit theorem consistent with nonextensive statistical mechanics},
  author={Umarov, Sabir and Tsallis, Constantino and Steinberg, Stanly},
  journal={Milan journal of mathematics},
  volume={76},
  number={1},
  pages={307--328},
  year={2008},
  publisher={Springer},
  url={https://doi.org/10.1007/s00032-008-0087-y}, 
  doi={10.1007/s00032-008-0087-y}
}

@article{STOSIC20181069,
  title = {Nonextensive triplets in cryptocurrency exchanges},
  journal = {Physica A: Statistical Mechanics and its Applications},
  volume = {505},
  pages = {1069-1074},
  year = {2018},
  issn = {0378-4371},
  doi = {https://doi.org/10.1016/j.physa.2018.04.066},
  url = {https://www.sciencedirect.com/science/article/pii/S0378437118304965},
  author = {Darko Stosic and Dusan Stosic and Teresa B. Ludermir and Tatijana Stosic}
}

@InProceedings{10.1007/978-3-031-14841-5_12,
  author="Bielinskyi, Andrii O.
  and Matviychuk, Andriy V.
  and Serdyuk, Oleksandr A.
  and Semerikov, Serhiy O.
  and Solovieva, Victoria V.
  and Soloviev, Vladimir N.",
  editor="Ignatenko, Oleksii
  and Kharchenko, Vyacheslav
  and Kobets, Vitaliy
  and Kravtsov, Hennadiy
  and Tarasich, Yulia
  and Ermolayev, Vadim
  and Esteban, David
  and Yakovyna, Vitaliy
  and Spivakovsky, Aleksander",
  title="Correlational and Non-extensive Nature of Carbon Dioxide Pricing Market",
  booktitle="ICTERI 2021 Workshops",
  year="2022",
  publisher="Springer International Publishing",
  address="Cham",
  pages="183--199",
  isbn="978-3-031-14841-5", 
  url={https://doi.org/10.1007/978-3-031-14841-5_12},
  doi={10.1007/978-3-031-14841-5_12}, 
  volume={1635}
}

@article{STAVRINIDES2022112224,
  title = {On the chaotic nature of random telegraph noise in unipolar RRAM memristor devices},
  journal = {Chaos, Solitons & Fractals},
  volume = {160},
  pages = {112224},
  year = {2022},
  issn = {0960-0779},
  doi = {https://doi.org/10.1016/j.chaos.2022.112224},
  url = {https://www.sciencedirect.com/science/article/pii/S0960077922004349},
  author = {Stavros G. Stavrinides and Michael P. Hanias and Mireia B. Gonzalez and Francesca Campabadal and Yiannis Contoyiannis and Stelios M. Potirakis and Mohamad Moner {Al Chawa} and Carol {de Benito} and Ronald Tetzlaff and Rodrigo Picos and Leon O. Chua},
  keywords = {Memristors, Random telegraph noise, Resistive RAM, Deterministic chaotic}
}

@article{PhysRevA.33.1134,
  title = {Independent coordinates for strange attractors from mutual information},
  author = {Fraser, Andrew M. and Swinney, Harry L.},
  journal = {Phys. Rev. A},
  volume = {33},
  issue = {2},
  pages = {1134--1140},
  numpages = {0},
  year = {1986},
  month = {Feb},
  publisher = {American Physical Society},
  doi = {10.1103/PhysRevA.33.1134},
  url = {https://link.aps.org/doi/10.1103/PhysRevA.33.1134}
}

@article{PhysRevA.41.3038,
  title = {Statistical precision of dimension estimators},
  author = {Theiler, James},
  journal = {Phys. Rev. A},
  volume = {41},
  issue = {6},
  pages = {3038--3051},
  numpages = {0},
  year = {1990},
  month = {Mar},
  publisher = {American Physical Society},
  doi = {10.1103/PhysRevA.41.3038},
  url = {https://link.aps.org/doi/10.1103/PhysRevA.41.3038}
}

@article{CASDAGLI199152,
  title = {State space reconstruction in the presence of noise},
  journal = {Physica D: Nonlinear Phenomena},
  volume = {51},
  number = {1},
  pages = {52-98},
  year = {1991},
  issn = {0167-2789},
  doi = {https://doi.org/10.1016/0167-2789(91)90222-U},
  url = {https://www.sciencedirect.com/science/article/pii/016727899190222U},
  author = {Martin Casdagli and Stephen Eubank and J.Doyne Farmer and John Gibson}
}

@article{ROSENSTEIN1993117,
  title = {A practical method for calculating largest Lyapunov exponents from small data sets},
  journal = {Physica D: Nonlinear Phenomena},
  volume = {65},
  number = {1},
  pages = {117-134},
  year = {1993},
  issn = {0167-2789},
  doi = {https://doi.org/10.1016/0167-2789(93)90009-P},
  url = {https://www.sciencedirect.com/science/article/pii/016727899390009P},
  author = {Michael T. Rosenstein and James J. Collins and Carlo J. {De Luca}}
}

@article{ROSENSTEIN199482,
  title = {Reconstruction expansion as a geometry-based framework for choosing proper delay times},
  journal = {Physica D: Nonlinear Phenomena},
  volume = {73},
  number = {1},
  pages = {82-98},
  year = {1994},
  issn = {0167-2789},
  doi = {https://doi.org/10.1016/0167-2789(94)90226-7},
  url = {https://www.sciencedirect.com/science/article/pii/0167278994902267},
  author = {Michael T. Rosenstein and James J. Collins and Carlo J. {De Luca}}
}

@article{KIM199948,
  title = {Nonlinear dynamics, delay times, and embedding windows},
  journal = {Physica D: Nonlinear Phenomena},
  volume = {127},
  number = {1},
  pages = {48-60},
  year = {1999},
  issn = {0167-2789},
  doi = {https://doi.org/10.1016/S0167-2789(98)00240-1},
  url = {https://www.sciencedirect.com/science/article/pii/S0167278998002401},
  author = {H.S. Kim and R. Eykholt and J.D. Salas},
  keywords = {Delay time, Correlation integral, Embedding, Time series}
}

@ARTICLE{10.3389/fcvm.2021.709457,
  AUTHOR={Lyle, Jane V. and Nandi, Manasi and Aston, Philip J.},   	 
  TITLE={Symmetric Projection Attractor Reconstruction: Sex Differences in the ECG},      	
  JOURNAL={Frontiers in Cardiovascular Medicine},      	
  VOLUME={8},           	
  YEAR={2021},        
  URL={https://www.frontiersin.org/articles/10.3389/fcvm.2021.709457},       
  DOI={10.3389/fcvm.2021.709457},  
  ISSN={2297-055X}
}

@misc{lirias1573905,
  author = {Gautama, T and Mandic, DP and Van Hulle, Marc},
  issn = {0-7803-7663-3},
  journal = {Proceedings},
  keywords = {Science & Technology},
  language = {eng},
  pages = {29--32},
  publisher = {IEEE},
  title = {A Differential Entropy Based Method for Determining the Optimal Embedding Parameters of a Signal},
  volume = {6},
  year = {2003}
}

@article{PhysRevA.45.3403,
  title = {Determining embedding dimension for phase-space reconstruction using a geometrical construction},
  author = {Kennel, Matthew B. and Brown, Reggie and Abarbanel, Henry D. I.},
  journal = {Phys. Rev. A},
  volume = {45},
  issue = {6},
  pages = {3403--3411},
  numpages = {0},
  year = {1992},
  month = {Mar},
  publisher = {American Physical Society},
  doi = {10.1103/PhysRevA.45.3403},
  url = {https://link.aps.org/doi/10.1103/PhysRevA.45.3403}
}

@article{CAO199743,
  title = {Practical method for determining the minimum embedding dimension of a scalar time series},
  journal = {Physica D: Nonlinear Phenomena},
  volume = {110},
  number = {1},
  pages = {43-50},
  year = {1997},
  issn = {0167-2789},
  doi = {https://doi.org/10.1016/S0167-2789(97)00118-8},
  url = {https://www.sciencedirect.com/science/article/pii/S0167278997001188},
  author = {Liangyue Cao}
}

@article{krakovska2015use,
  title={Use of false nearest neighbours for selecting variables and embedding parameters for state space reconstruction},
  author={Krakovsk{\'a}, Anna and Mezeiov{\'a}, Krist{\'\i}na and Bud{\'a}{\v{c}}ov{\'a}, Hana},
  journal={Journal of Complex Systems},
  volume={2015},
  year={2015},
  publisher={Hindawi}
}

@article{RHODES1997S1149,
  title = {The false nearest neighbors algorithm: An overview},
  journal = {Computers & Chemical Engineering},
  volume = {21},
  pages = {S1149-S1154},
  year = {1997},
  note = {Supplement to Computers and Chemical Engineering},
  issn = {0098-1354},
  doi = {https://doi.org/10.1016/S0098-1354(97)87657-0},
  url = {https://www.sciencedirect.com/science/article/pii/S0098135497876570},
  author = {Carl Rhodes and Manfred Morari}
}

@phdthesis{Rawald2018Scalable,
  author = {Rawald, Tobias},
  title = {Scalable and Efficient Analysis of Large High-Dimensional Data Sets in the Context of Recurrence Analysis},
  school = {Humboldt-Universität zu Berlin, Mathematisch-Naturwissenschaftliche Fakultät},
  year = {2018},
  doi = {http://dx.doi.org/10.18452/18797}
}

@InProceedings{10.1007/BFb0091924,
  author="Takens, Floris",
  editor="Rand, David
  and Young, Lai-Sang",
  title="Detecting strange attractors in turbulence",
  booktitle="Dynamical Systems and Turbulence, Warwick 1980",
  year="1981",
  publisher="Springer Berlin Heidelberg",
  address="Berlin, Heidelberg",
  pages="366--381",
  isbn="978-3-540-38945-3"
}

@article{PhysRevLett.45.712,
  title = {Geometry from a Time Series},
  author = {Packard, N. H. and Crutchfield, J. P. and Farmer, J. D. and Shaw, R. S.},
  journal = {Phys. Rev. Lett.},
  volume = {45},
  issue = {9},
  pages = {712--716},
  numpages = {0},
  year = {1980},
  month = {Sep},
  publisher = {American Physical Society},
  doi = {10.1103/PhysRevLett.45.712},
  url = {https://link.aps.org/doi/10.1103/PhysRevLett.45.712}
}

@book{shockley2015recurrence,
  title={In Recurrence quantification analysis: theory and best practices},
  author={Shockley, K and Riley, MA},
  year={2015},
  publisher={Springer, New York}, 
  doi={10.1007/978-3-319-07155-8}, 
  url={https://doi.org/10.1007/978-3-319-07155-8},
  isbn={978-3-319-07155-8},
  year={2015}, 
  edition={1}
}

@book{poincaré2017three,
  title={The Three-Body Problem and the Equations of Dynamics: Poincar{\'e}’s Foundational Work on Dynamical Systems Theory},
  author={Poincar{\'e}, H.},
  isbn={9783319528991},
  series={Astrophysics and Space Science Library},
  doi={10.1007/978-3-319-52899-1},
  url={https://doi.org/10.1007/978-3-319-52899-1},
  year={2017},
  publisher={Springer Cham}
}

@article{Eckmann_1987,
  doi = {10.1209/0295-5075/4/9/004},
  url = {https://dx.doi.org/10.1209/0295-5075/4/9/004},
  year = {1987},
  month = {nov},
  publisher = {},
  volume = {4},
  number = {9},
  pages = {973},
  author = {J.-P. Eckmann and  S. Oliffson Kamphorst and  D. Ruelle},
  title = {Recurrence Plots of Dynamical Systems},
  journal = {Europhysics Letters}
}

@misc{thiel2003analytical,
      title={Analytical description of Recurrence Plots of white noise and chaotic processes}, 
      author={M. Thiel and M. C. Romano and J. Kurths},
      year={2003},
      eprint={nlin/0301027},
      archivePrefix={arXiv},
      primaryClass={nlin.CD}
}

@article{GAO200075,
  title = {On the structures and quantification of recurrence plots},
  journal = {Physics Letters A},
  volume = {270},
  number = {1},
  pages = {75-87},
  year = {2000},
  issn = {0375-9601},
  doi = {https://doi.org/10.1016/S0375-9601(00)00304-2},
  url = {https://www.sciencedirect.com/science/article/pii/S0375960100003042},
  author = {Jianbo Gao and Huaqing Cai}
}

@article{PhysRevE.66.026702,
  title = {Recurrence-plot-based measures of complexity and their application to heart-rate-variability data},
  author = {Marwan, Norbert and Wessel, Niels and Meyerfeldt, Udo and Schirdewan, Alexander and Kurths, J\"urgen},
  journal = {Phys. Rev. E},
  volume = {66},
  issue = {2},
  pages = {026702},
  numpages = {8},
  year = {2002},
  month = {Aug},
  publisher = {American Physical Society},
  doi = {10.1103/PhysRevE.66.026702},
  url = {https://link.aps.org/doi/10.1103/PhysRevE.66.026702}
}

@PROCEEDINGS{webber2016recurrence,
  title={Recurrence plots and their quantifications: expanding horizons},
  subtitle={Proceedings of the 6th International Symposium on Recurrence Plots, Grenoble, France, 17-19 June 2015},
  author={Webber, Charles L and Ioana, Cornel and Marwan, Norbert},
  year={2016},
  publisher={Springer Cham}, 
  url={https://doi.org/10.1007/978-3-319-29922-8}, 
  doi={10.1007/978-3-319-29922-8}, 
  isbn={9783319299228}, 
  series={Springer Proceedings in Physics}
}

@article{MARWAN2007237,
  title = {Recurrence plots for the analysis of complex systems},
  journal = {Physics Reports},
  volume = {438},
  number = {5},
  pages = {237-329},
  year = {2007},
  issn = {0370-1573},
  doi = {10.1016/j.physrep.2006.11.001},
  url = {https://www.sciencedirect.com/science/article/pii/S0370157306004066},
  author = {Norbert Marwan and M. {Carmen Romano} and Marco Thiel and Jürgen Kurths},
  keywords = {Data analysis, Recurrence plot, Nonlinear dynamics}
}

@article{doi:10.1152/jappl.1994.76.2.965,
  author = {Webber, C. L. and Zbilut, J. P.},
  title = {Dynamical assessment of physiological systems and states using recurrence plot strategies},
  journal = {Journal of Applied Physiology},
  volume = {76},
  number = {2},
  pages = {965-973},
  year = {1994},
  doi = {10.1152/jappl.1994.76.2.965},
  note ={PMID: 8175612},
  URL = {https://doi.org/10.1152/jappl.1994.76.2.965},
  eprint = {https://doi.org/10.1152/jappl.1994.76.2.965}
}

@article{ZBILUT1992199,
  title = {Embeddings and delays as derived from quantification of recurrence plots},
  journal = {Physics Letters A},
  volume = {171},
  number = {3},
  pages = {199-203},
  year = {1992},
  issn = {0375-9601},
  doi = {https://doi.org/10.1016/0375-9601(92)90426-M},
  url = {https://www.sciencedirect.com/science/article/pii/037596019290426M},
  author = {Joseph P. Zbilut and Charles L. Webber}
}

@Article{e24091314,
  AUTHOR = {Tomashin, Alon and Leonardi, Giuseppe and Wallot, Sebastian},
  TITLE = {Four Methods to Distinguish between Fractal Dimensions in Time Series through Recurrence Quantification Analysis},
  JOURNAL = {Entropy},
  VOLUME = {24},
  YEAR = {2022},
  NUMBER = {9},
  ARTICLE-NUMBER = {1314},
  URL = {https://www.mdpi.com/1099-4300/24/9/1314},
  PubMedID = {36141200},
  ISSN = {1099-4300},
  DOI = {10.3390/e24091314}
}

@article{10.1214/11-STS370,
  author = {Tilmann Gneiting and Hana Ševč{\'i}kov{\'a} and Donald B. Percival},
  title = {{Estimators of Fractal Dimension: Assessing the Roughness of Time Series and Spatial Data}},
  volume = {27},
  journal = {Statistical Science},
  number = {2},
  publisher = {Institute of Mathematical Statistics},
  pages = {247 -- 277},
  keywords = {Box-count, Gaussian process, Hausdorff dimension, madogram, power variation, robustness, sea-ice thickness, smoothness, variation estimator, variogram},
  year = {2012},
  doi = {10.1214/11-STS370},
  URL = {https://doi.org/10.1214/11-STS370}
}

@book{falconer2004fractal,
  title={Fractal geometry: mathematical foundations and applications},
  author={Falconer, Kenneth},
  year={2003},
  publisher={John Wiley \& Sons}, 
  isbn={9780470013854}, 
  doi={10.1002/0470013850}
}

 @article{Kalauzi_2009, 
  title={Extracting complexity waveforms from one-dimensional signals}, 
  volume={3}, 
  ISSN={1753-4631}, 
  url={http://dx.doi.org/10.1186/1753-4631-3-8}, 
  DOI={10.1186/1753-4631-3-8}, number={1}, 
  journal={Nonlinear Biomedical Physics}, 
  publisher={Springer Science and Business Media LLC}, 
  author={Kalauzi, Aleksandar and Bojić, Tijana and Rakić, Ljubisav}, 
  year={2009}, 
  month=aug
}

 @article{Anis_1976, 
  title={The Expected Value of the Adjusted Rescaled Hurst Range of Independent Normal Summands}, 
  volume={63}, 
  ISSN={0006-3444}, 
  url={http://dx.doi.org/10.2307/2335090}, 
  DOI={10.2307/2335090}, 
  number={1}, 
  journal={Biometrika}, 
  publisher={JSTOR}, 
  author={Anis, A. A. and Lloyd, E. H.}, 
  year={1976}, 
  month=apr, 
  pages={111} 
}

@article{HACINEGHARBI201821,
  title = {A binning formula of bi-histogram for joint entropy estimation using mean square error minimization},
  journal = {Pattern Recognition Letters},
  volume = {101},
  pages = {21-28},
  year = {2018},
  issn = {0167-8655},
  doi = {10.1016/j.patrec.2017.11.007},
  url = {https://www.sciencedirect.com/science/article/pii/S0167865517304142},
  author = {Abdenour Hacine-Gharbi and Philippe Ravier}
}

@article{Orozco_Duque_2015, 
  title={Multifractal analysis for grading complex fractionated electrograms in atrial fibrillation}, 
  volume={36}, 
  ISSN={1361-6579}, 
  url={http://dx.doi.org/10.1088/0967-3334/36/11/2269}, 
  DOI={10.1088/0967-3334/36/11/2269}, 
  number={11}, 
  journal={Physiological Measurement}, 
  publisher={IOP Publishing}, 
  author={Orozco-Duque, A and Novak, D and Kremen, V and Bustamante, J}, 
  year={2015}, 
  month=oct, 
  pages={2269--2284} 
}

@article{doi:10.1098/rsta.2020.0254,
  author = {Faini, Andrea  and Parati, Gianfranco  and Castiglioni, Paolo },
  title = {Multiscale assessment of the degree of multifractality for physiological time series},
  journal = {Philosophical Transactions of the Royal Society A: Mathematical, Physical and Engineering Sciences},
  volume = {379},
  number = {2212},
  pages = {20200254},
  year = {2021},
  doi = {10.1098/rsta.2020.0254},
  URL = {https://royalsocietypublishing.org/doi/abs/10.1098/rsta.2020.0254},
  eprint = {https://royalsocietypublishing.org/doi/pdf/10.1098/rsta.2020.0254},
}

@article{PhysRevE.71.021906,
  title = {Multiscale entropy analysis of biological signals},
  author = {Costa, Madalena and Goldberger, Ary L. and Peng, C.-K.},
  journal = {Phys. Rev. E},
  volume = {71},
  issue = {2},
  pages = {021906},
  numpages = {18},
  year = {2005},
  month = {Feb},
  publisher = {American Physical Society},
  doi = {10.1103/PhysRevE.71.021906},
  url = {https://link.aps.org/doi/10.1103/PhysRevE.71.021906}
}

@article{10.1063/1.2890013,
    author = {Prigogine, I. and Hiebert, Erwin N.},
    title = "{From Being to Becoming: Time and Complexity in the Physical Sciences}",
    journal = {Physics Today},
    volume = {35},
    number = {1},
    pages = {69-70},
    year = {1982},
    month = {01},
    issn = {0031-9228},
    doi = {10.1063/1.2890013},
    url = {https://doi.org/10.1063/1.2890013},
    eprint = {https://pubs.aip.org/physicstoday/article-pdf/35/1/69/8290034/69\_1\_online.pdf},
}

@article{F.Donges_2013,
  doi = {10.1209/0295-5075/102/10004},
  url = {https://dx.doi.org/10.1209/0295-5075/102/10004},
  year = {2013},
  month = {apr},
  publisher = {EDP Sciences, IOP Publishing and Società Italiana di Fisica},
  volume = {102},
  number = {1},
  pages = {10004},
  author = {Jonathan F.Donges and Reik V. Donner and Jürgen Kurths},
  title = {Testing time series irreversibility using complex network methods},
  journal = {Europhysics Letters}
}

@Article{e20090665,
  AUTHOR = {Zanin, Massimiliano and Rodríguez-González, Alejandro and Menasalvas Ruiz, Ernestina and Papo, David},
  TITLE = {Assessing Time Series Reversibility through Permutation Patterns},
  JOURNAL = {Entropy},
  VOLUME = {20},
  YEAR = {2018},
  NUMBER = {9},
  ARTICLE-NUMBER = {665},
  URL = {https://www.mdpi.com/1099-4300/20/9/665},
  PubMedID = {33265754},
  ISSN = {1099-4300},
  DOI = {10.3390/e20090665}
}

@article{FLANAGAN20161689,
  title = {Irreversibility of financial time series: A graph-theoretical approach},
  journal = {Physics Letters A},
  volume = {380},
  number = {20},
  pages = {1689-1697},
  year = {2016},
  issn = {0375-9601},
  doi = {https://doi.org/10.1016/j.physleta.2016.03.011},
  url = {https://www.sciencedirect.com/science/article/pii/S0375960116002401},
  author = {Ryan Flanagan and Lucas Lacasa},
  keywords = {Visibility graphs, Time series irreversibility}
}

@article{Puglisi_2009,
  doi = {10.1209/0295-5075/88/30004},
  url = {https://dx.doi.org/10.1209/0295-5075/88/30004},
  year = {2009},
  month = {nov},
  publisher = {},
  volume = {88},
  number = {3},
  pages = {30004},
  author = {A. Puglisi and D. Villamaina},
  title = {Irreversible effects of memory},
  journal = {Europhysics Letters}
}

@article{DIKS1995221,
  title = {Reversibility as a criterion for discriminating time series},
  journal = {Physics Letters A},
  volume = {201},
  number = {2},
  pages = {221-228},
  year = {1995},
  issn = {0375-9601},
  doi = {https://doi.org/10.1016/0375-9601(95)00239-Y},
  url = {https://www.sciencedirect.com/science/article/pii/037596019500239Y},
  author = {C. Diks and J.C. {van Houwelingen} and F. Takens and J. DeGoede}
}

@article{PhysRevE.62.1912,
  title = {Symbolic approach for measuring temporal ``irreversibility''},
  author = {Daw, C. S. and Finney, C. E. A. and Kennel, M. B.},
  journal = {Phys. Rev. E},
  volume = {62},
  issue = {2},
  pages = {1912--1921},
  numpages = {0},
  year = {2000},
  month = {Aug},
  publisher = {American Physical Society},
  doi = {10.1103/PhysRevE.62.1912},
  url = {https://link.aps.org/doi/10.1103/PhysRevE.62.1912}
}

@article{GuzikPiskorskiKrauzeWykretowiczWysocki,
  url = {https://doi.org/10.1515/BMT.2006.054},
  title = {Heart rate asymmetry by Poincaré plots of RR intervals},
  author = {Przemyslaw Guzik and Jaroslaw Piskorski and Tomasz Krauze and Andrzej Wykretowicz and Henryk Wysocki},
  pages = {272--275},
  volume = {51},
  number = {4},
  journal = {Biomedical Engineering / Biomedizinische Technik },
  doi = {doi:10.1515/BMT.2006.054},
  year = {2006},
  lastchecked = {2024-02-05}
}

@INPROCEEDINGS{4511792,
  author={Porta, A. and Guzzetti, S. and Montano, N. and Gnecchi-Ruscone, T. and Furlan, R. and Malliani, A.},
  booktitle={2006 Computers in Cardiology, Valencia, Spain, September 17-20, 2006}, 
  title={Time Reversibility in Short-Term Heart Period Variability},
  publisher={IEEE},  
  year={2006},
  volume={},
  number={},
  url={https://ieeexplore.ieee.org/document/4511792},
  isbn={978-1-4244-2532-7},
  issn={2325-8853},
  pages={77-80},
  doi={}
}

@article{Lacasa_2012, 
  title={Time series irreversibility: a visibility graph approach}, 
  volume={85}, 
  ISSN={1434-6036}, 
  url={http://dx.doi.org/10.1140/epjb/e2012-20809-8}, 
  DOI={10.1140/epjb/e2012-20809-8}, 
  number={6}, 
  journal={The European Physical Journal B}, 
  publisher={Springer Science and Business Media LLC}, 
  author={Lacasa, L. and Nuñez, A. and Roldán, É. and Parrondo, J. M. R. and Luque, B.}, 
  year={2012}, 
  month=jun 
}

@article{PhysRevLett.95.198102,
  title = {Broken Asymmetry of the Human Heartbeat: Loss of Time Irreversibility in Aging and Disease},
  author = {Costa, Madalena and Goldberger, Ary L. and Peng, C.-K.},
  journal = {Phys. Rev. Lett.},
  volume = {95},
  issue = {19},
  pages = {198102},
  numpages = {4},
  year = {2005},
  month = {Nov},
  publisher = {American Physical Society},
  doi = {10.1103/PhysRevLett.95.198102},
  url = {https://link.aps.org/doi/10.1103/PhysRevLett.95.198102}
}

@article{Ehlers_1998, 
  title={Low Doses of Ethanol Reduce Evidence for Nonlinear Structure in Brain Activity}, 
  volume={18}, 
  ISSN={1529-2401}, 
  url={http://dx.doi.org/10.1523/jneurosci.18-18-07474.1998}, 
  DOI={10.1523/jneurosci.18-18-07474.1998}, 
  number={18}, 
  journal={The Journal of Neuroscience}, 
  publisher={Society for Neuroscience}, 
  author={Ehlers, Cindy L. and Havstad, James and Prichard, Dean and Theiler, James}, 
  year={1998}, 
  month=sep, 
  pages={7474--7486} 
}

@article{Yan_2017, 
  title={Area asymmetry of heart rate variability signal}, 
  volume={16}, 
  ISSN={1475-925X}, 
  url={http://dx.doi.org/10.1186/s12938-017-0402-3}, 
  DOI={10.1186/s12938-017-0402-3}, 
  number={1}, 
  journal={BioMedical Engineering OnLine}, 
  publisher={Springer Science and Business Media LLC}, 
  author={Yan, Chang and Li, Peng and Ji, Lizhen and Yao, Lianke and Karmakar, Chandan and Liu, Changchun}, 
  year={2017}, 
  month=sep 
}

@article{Karmakar_2015,
  doi = {10.1088/0967-3334/36/2/303},
  url = {https://dx.doi.org/10.1088/0967-3334/36/2/303},
  year = {2015},
  month = {jan},
  publisher = {IOP Publishing},
  volume = {36},
  number = {2},
  pages = {303},
  author = {C K Karmakar and AH Khandoker and M Palaniswami},
  title = {Phase asymmetry of heart rate variability signal},
  journal = {Physiological Measurement}
}

@article{Grosse_2002, 
  title={Analysis of symbolic sequences using the Jensen-Shannon divergence}, 
  volume={65}, 
  ISSN={1095-3787}, 
  url={http://dx.doi.org/10.1103/physreve.65.041905}, 
  DOI={10.1103/physreve.65.041905}, 
  number={4}, 
  journal={Physical Review E}, 
  publisher={American Physical Society (APS)}, 
  author={Grosse, Ivo and Bernaola-Galván, Pedro and Carpena, Pedro and Román-Roldán, Ramón and Oliver, Jose and Stanley, H. Eugene}, 
  year={2002}, 
  month=mar 
}

@article{PhysRevE.92.022817,
  title = {Time reversibility from visibility graphs of nonstationary processes},
  author = {Lacasa, Lucas and Flanagan, Ryan},
  journal = {Phys. Rev. E},
  volume = {92},
  issue = {2},
  pages = {022817},
  numpages = {13},
  year = {2015},
  month = {Aug},
  publisher = {American Physical Society},
  doi = {10.1103/PhysRevE.92.022817},
  url = {https://link.aps.org/doi/10.1103/PhysRevE.92.022817}
}

@article{10.1890/07-1288.1,
  author = {White, Ethan P. and Enquist, Brian J. and Green, Jessica L.},
  title = {On estimating the exponent of power-law frequency distributions},
  journal = {Ecology},
  volume = {89},
  number = {4},
  pages = {905-912},
  keywords = {binning, distribution, exponent, maximum likelihood estimation, power laws},
  doi = {https://doi.org/10.1890/07-1288.1},
  url = {https://esajournals.onlinelibrary.wiley.com/doi/abs/10.1890/07-1288.1},
  eprint = {https://esajournals.onlinelibrary.wiley.com/doi/pdf/10.1890/07-1288.1},
  year = {2008}
}

@article{GAVILANMORENO2016434,
  title = {Using Largest Lyapunov Exponent to Confirm the Intrinsic Stability of Boiling Water Reactors},
  journal = {Nuclear Engineering and Technology},
  volume = {48},
  number = {2},
  pages = {434-447},
  year = {2016},
  issn = {1738-5733},
  doi = {https://doi.org/10.1016/j.net.2016.01.002},
  url = {https://www.sciencedirect.com/science/article/pii/S1738573316000085},
  author = {Carlos J. Gavilán-Moreno and Gilberto Espinosa-Paredes},
  keywords = {Attractor, BWR, Instability, Large Lyapunov Exponent, Limit Cycle}
}

@incollection{PRIETOGUERRERO2019193,
  title = {Dynamics of BWRs and mathematical models},
  editor = {Alfonso Prieto-Guerrero and Gilberto Espinosa-Paredes},
  booktitle = {Linear and Non-Linear Stability Analysis in Boiling Water Reactors},
  publisher = {Woodhead Publishing},
  pages = {193-268},
  year = {2019},
  series = {Woodhead Publishing Series in Energy},
  isbn = {978-0-08-102445-4},
  doi = {https://doi.org/10.1016/B978-0-08-102445-4.00005-9},
  url = {https://www.sciencedirect.com/science/article/pii/B9780081024454000059},
  author = {Alfonso Prieto-Guerrero and Gilberto Espinosa-Paredes}
}

@article{dfae8027-3b41-31e7-9d7e-191801301139,
  ISSN = {00359246},
  URL = {http://www.jstor.org/stable/2346135},
  author = {Douglas Nychka and Stephen Ellner and A. Ronald Gallant and Daniel McCaffrey},
  journal = {Journal of the Royal Statistical Society. Series B (Methodological)},
  number = {2},
  pages = {399--426},
  publisher = {[Royal Statistical Society, Wiley]},
  title = {Finding Chaos in Noisy Systems},
  urldate = {2024-02-05},
  volume = {54},
  year = {1992}
}

@article{WOLF1985285,
  title = {Determining Lyapunov exponents from a time series},
  journal = {Physica D: Nonlinear Phenomena},
  volume = {16},
  number = {3},
  pages = {285-317},
  year = {1985},
  issn = {0167-2789},
  doi = {https://doi.org/10.1016/0167-2789(85)90011-9},
  url = {https://www.sciencedirect.com/science/article/pii/0167278985900119},
  author = {Alan Wolf and Jack B. Swift and Harry L. Swinney and John A. Vastano}
}

@article{PhysRevLett.55.1082,
  title = {Measurement of the Lyapunov Spectrum from a Chaotic Time Series},
  author = {Sano, M. and Sawada, Y.},
  journal = {Phys. Rev. Lett.},
  volume = {55},
  issue = {10},
  pages = {1082--1085},
  numpages = {0},
  year = {1985},
  month = {Sep},
  publisher = {American Physical Society},
  doi = {10.1103/PhysRevLett.55.1082},
  url = {https://link.aps.org/doi/10.1103/PhysRevLett.55.1082}
}

@article{PhysRevA.34.4971,
  title = {Liapunov exponents from time series},
  author = {Eckmann, J. -P. and Kamphorst, S. Oliffson and Ruelle, D. and Ciliberto, S.},
  journal = {Phys. Rev. A},
  volume = {34},
  issue = {6},
  pages = {4971--4979},
  numpages = {0},
  year = {1986},
  month = {Dec},
  publisher = {American Physical Society},
  doi = {10.1103/PhysRevA.34.4971},
  url = {https://link.aps.org/doi/10.1103/PhysRevA.34.4971}
}

@article{doi:10.1142/S0218127492000148,
  author = {Parlitz, Ulrich},
  title = {Identification of true and spurious Lyapunov exponents from time series},
  journal = {International Journal of Bifurcation and Chaos},
  volume = {02},
  number = {01},
  pages = {155-165},
  year = {1992},
  doi = {10.1142/S0218127492000148},
  URL = {https://doi.org/10.1142/S0218127492000148},
  eprint = {https://doi.org/10.1142/S0218127492000148}
}

@article{Balcerzak_2018, 
  title={The fastest, simplified method of Lyapunov exponents spectrum estimation for continuous-time dynamical systems}, 
  volume={94}, 
  ISSN={1573-269X}, 
  url={http://dx.doi.org/10.1007/s11071-018-4544-z}, 
  DOI={10.1007/s11071-018-4544-z}, 
  number={4}, 
  journal={Nonlinear Dynamics}, 
  publisher={Springer Science and Business Media LLC}, 
  author={Balcerzak, Marek and Pikunov, Danylo and Dabrowski, Artur}, 
  year={2018}, 
  month=sep, 
  pages={3053--3065} 
}

@article{KANTELHARDT2001441,
  title = {Detecting long-range correlations with detrended fluctuation analysis},
  journal = {Physica A: Statistical Mechanics and its Applications},
  volume = {295},
  number = {3},
  pages = {441-454},
  year = {2001},
  issn = {0378-4371},
  doi = {https://doi.org/10.1016/S0378-4371(01)00144-3},
  url = {https://www.sciencedirect.com/science/article/pii/S0378437101001443},
  author = {Jan W Kantelhardt and Eva Koscielny-Bunde and Henio H.A Rego and Shlomo Havlin and Armin Bunde},
  keywords = {Time-series analysis, Long-range correlations, Detrending}
}

@Inbook{Kantelhardt2011,
  author="Kantelhardt, Jan W.",
  editor="Meyers, Robert A.",
  title="Fractal and Multifractal Time Series",
  bookTitle="Mathematics of Complexity and Dynamical Systems",
  year="2011",
  publisher="Springer New York",
  address="New York, NY",
  pages="463--487",
  abstract="Glossary",
  isbn="978-1-4614-1806-1",
  doi="10.1007/978-1-4614-1806-1_30",
  url="https://doi.org/10.1007/978-1-4614-1806-1_30"
}

@article{KANTELHARDT200287,
  title = {Multifractal detrended fluctuation analysis of nonstationary time series},
  journal = {Physica A: Statistical Mechanics and its Applications},
  volume = {316},
  number = {1},
  pages = {87-114},
  year = {2002},
  issn = {0378-4371},
  doi = {https://doi.org/10.1016/S0378-4371(02)01383-3},
  url = {https://www.sciencedirect.com/science/article/pii/S0378437102013833},
  author = {Jan W. Kantelhardt and Stephan A. Zschiegner and Eva Koscielny-Bunde and Shlomo Havlin and Armin Bunde and H.Eugene Stanley}
}

@article{Peng_1995, 
  title={Quantification of scaling exponents and crossover phenomena in nonstationary heartbeat time series}, 
  volume={5}, 
  ISSN={1089-7682}, 
  url={http://dx.doi.org/10.1063/1.166141}, 
  DOI={10.1063/1.166141}, 
  number={1}, 
  journal={Chaos: An Interdisciplinary Journal of Nonlinear Science}, 
  publisher={AIP Publishing}, 
  author={Peng, C.-K. and Havlin, Shlomo and Stanley, H. Eugene and Goldberger, Ary L.}, 
  year={1995}, 
  month=mar, 
  pages={82--87} 
}

@article{Dutta_2010,
  doi = {10.1088/1742-5468/2010/12/P12021},
  url = {https://dx.doi.org/10.1088/1742-5468/2010/12/P12021},
  year = {2010},
  month = {dec},
  publisher = {},
  volume = {2010},
  number = {12},
  pages = {P12021},
  author = {Srimonti Dutta},
  title = {Multifractal properties of ECG patterns of patients suffering from congestive heart
  failure},
  journal = {Journal of Statistical Mechanics: Theory and Experiment}
}

@article{MAIORINO2015302,
  title = {Multifractal characterization of protein contact networks},
  journal = {Physica A: Statistical Mechanics and its Applications},
  volume = {428},
  pages = {302-313},
  year = {2015},
  issn = {0378-4371},
  doi = {https://doi.org/10.1016/j.physa.2015.02.026},
  url = {https://www.sciencedirect.com/science/article/pii/S0378437115001284},
  author = {Enrico Maiorino and Lorenzo Livi and Alessandro Giuliani and Alireza Sadeghian and Antonello Rizzi},
  keywords = {Multifractal analysis, Complex biological networks, Time series analysis, Random walk}
}

@article{FIGUEIREDO20102090,
  title = {Multifractal analysis of polyalanines time series},
  journal = {Physica A: Statistical Mechanics and its Applications},
  volume = {389},
  number = {10},
  pages = {2090-2095},
  year = {2010},
  issn = {0378-4371},
  doi = {https://doi.org/10.1016/j.physa.2009.11.045},
  url = {https://www.sciencedirect.com/science/article/pii/S0378437110000385},
  author = {P.H. Figueirêdo and E. Nogueira and M.A. Moret and Sérgio Coutinho},
  keywords = {Time series, Self-affinity, Protein folding, Energy landscape}
}

@article{Jafari_2012,
  doi = {10.1088/1742-5468/2012/03/E03001},
  url = {https://dx.doi.org/10.1088/1742-5468/2012/03/E03001},
  year = {2012},
  month = {mar},
  publisher = {},
  volume = {2012},
  number = {03},
  pages = {E03001},
  author = {G R Jafari and P Pedram and L Hedayatifar},
  title = {Erratum: Long-range correlation and multifractality in Bach's inventions pitches},
  journal = {Journal of Statistical Mechanics: Theory and Experiment},
  abstract = {}
}

@article{Jiang_2019,
  doi = {10.1088/1361-6633/ab42fb},
  url = {https://dx.doi.org/10.1088/1361-6633/ab42fb},
  year = {2019},
  month = {nov},
  publisher = {IOP Publishing},
  volume = {82},
  number = {12},
  pages = {125901},
  author = {Zhi-Qiang Jiang and Wen-Jie Xie and Wei-Xing Zhou and Didier Sornette},
  title = {Multifractal analysis of financial markets: a review},
  journal = {Reports on Progress in Physics}
}

@article{Telesca_2005,
  doi = {10.1088/1367-2630/7/1/214},
  url = {https://dx.doi.org/10.1088/1367-2630/7/1/214},
  year = {2005},
  month = {oct},
  publisher = {},
  volume = {7},
  number = {1},
  pages = {214},
  author = {Luciano Telesca and Vincenzo Lapenna and Maria Macchiato},
  title = {Multifractal fluctuations in earthquake-related geoelectrical signals},
  journal = {New Journal of Physics}
}

@article{doi:10.1080/00045608.2011.592733,
  author = {Yee Leung, Erjia Ge and Zuguo Yu},
  title = {Temporal Scaling Behavior of Avian Influenza A (H5N1): The Multifractal Detrended Fluctuation Analysis},
  journal = {Annals of the Association of American Geographers},
  volume = {101},
  number = {6},
  pages = {1221-1240},
  year = {2011},
  publisher = {Routledge},
  doi = {10.1080/00045608.2011.592733},
  URL = {https://doi.org/10.1080/00045608.2011.592733},
  eprint = {https://doi.org/10.1080/00045608.2011.592733}
}

@article{Liao_2011, 
  title={Using multifractal detrended fluctuation analysis to assess sacral skin blood flow oscillations in people with spinal cord injury}, 
  volume={48}, 
  ISSN={0748-7711}, 
  url={http://dx.doi.org/10.1682/jrrd.2010.08.0145}, 
  DOI={10.1682/jrrd.2010.08.0145}, 
  number={7}, 
  journal={The Journal of Rehabilitation Research and Development}, 
  publisher={Journal of Rehabilitation Research & Development}, 
  author={Liao, Fuyuan and Jan, Yih-Kuen}, 
  year={2011}, 
  pages={787} 
}

@article{TELESCA2005629,
  title = {Multifractal fluctuations in seismic interspike series},
  journal = {Physica A: Statistical Mechanics and its Applications},
  volume = {354},
  pages = {629-640},
  year = {2005},
  issn = {0378-4371},
  doi = {https://doi.org/10.1016/j.physa.2005.02.053},
  url = {https://www.sciencedirect.com/science/article/pii/S0378437105001925},
  author = {Luciano Telesca and Vincenzo Lapenna and Maria Macchiato},
  keywords = {Earthquakes, Multifractals, Scaling}
}

@article{PhysRevE.84.021103,
  title = {Long-range correlation in cosmic microwave background radiation},
  author = {Movahed, M. Sadegh and Ghasemi, F. and Rahvar, Sohrab and Tabar, M. Reza Rahimi},
  journal = {Phys. Rev. E},
  volume = {84},
  issue = {2},
  pages = {021103},
  numpages = {9},
  year = {2011},
  month = {Aug},
  publisher = {American Physical Society},
  doi = {10.1103/PhysRevE.84.021103},
  url = {https://link.aps.org/doi/10.1103/PhysRevE.84.021103}
}

@article{MALI201525,
  title = {Multifractal detrended fluctuation analysis of particle density fluctuations in high-energy nuclear collisions},
  journal = {Physica A: Statistical Mechanics and its Applications},
  volume = {424},
  pages = {25-33},
  year = {2015},
  issn = {0378-4371},
  doi = {https://doi.org/10.1016/j.physa.2014.12.037},
  url = {https://www.sciencedirect.com/science/article/pii/S0378437114010796},
  author = {P. Mali and S. Sarkar and S. Ghosh and A. Mukhopadhyay and G. Singh},
  keywords = {Relativistic nuclear collision, Multifractality, Detrended fluctuation analysis, Singularity spectrum}
}

@article{Pedron_2010,
  doi = {10.1088/1742-6596/246/1/012034},
  url = {https://dx.doi.org/10.1088/1742-6596/246/1/012034},
  year = {2010},
  month = {sep},
  publisher = {},
  volume = {246},
  number = {1},
  pages = {012034},
  author = {I T Pedron},
  title = {Correlation and multifractality in climatological time series},
  journal = {Journal of Physics: Conference Series}
}

@article{Rak_2015,
  doi = {10.1209/0295-5075/112/48001},
  url = {https://dx.doi.org/10.1209/0295-5075/112/48001},
  year = {2015},
  month = {nov},
  publisher = {EDP Sciences, IOP Publishing and Società Italiana di Fisica},
  volume = {112},
  number = {4},
  pages = {48001},
  author = {Rafał Rak and Stanisław Drożdż and Jarosław Kwapień and Paweł Oświȩcimka},
  title = {Detrended cross-correlations between returns, volatility, trading activity, and volume traded for the stock market companies},
  journal = {Europhysics Letters}
}

@article{WATOREK20211,
  title = {Multiscale characteristics of the emerging global cryptocurrency market},
  journal = {Physics Reports},
  volume = {901},
  pages = {1-82},
  year = {2021},
  note = {Multiscale characteristics of the emerging global cryptocurrency market},
  issn = {0370-1573},
  doi = {https://doi.org/10.1016/j.physrep.2020.10.005},
  url = {https://www.sciencedirect.com/science/article/pii/S0370157320304166},
  author = {Marcin Wątorek and Stanisław Drożdż and Jarosław Kwapień and Ludovico Minati and Paweł Oświęcimka and Marek Stanuszek}
}

@article{HALSEY1987501,
title = {Fractal measures and their singularities: The characterization of strange sets},
journal = {Nuclear Physics B - Proceedings Supplements},
volume = {2},
pages = {501-511},
year = {1987},
issn = {0920-5632},
doi = {https://doi.org/10.1016/0920-5632(87)90036-3},
url = {https://www.sciencedirect.com/science/article/pii/0920563287900363},
author = {Thomas C. Halsey and Mogens H. Jensen and Leo P. Kadanoff and Itamar Procaccia and Boris I. Shraiman}
}

@article{PhysRevA.33.1141,
  title = {Fractal measures and their singularities: The characterization of strange sets},
  author = {Halsey, Thomas C. and Jensen, Mogens H. and Kadanoff, Leo P. and Procaccia, Itamar and Shraiman, Boris I.},
  journal = {Phys. Rev. A},
  volume = {33},
  issue = {2},
  pages = {1141--1151},
  numpages = {0},
  year = {1986},
  month = {Feb},
  publisher = {American Physical Society},
  doi = {10.1103/PhysRevA.33.1141},
  url = {https://link.aps.org/doi/10.1103/PhysRevA.33.1141}
}

@inproceedings{frisch1985turbulence,
  title={Turbulence and Predictability of Geophysical Flows and Climate Dynamics},
  booktitle={Proceedings of the International School of Physics``Enrico Fermi," Course LXXXVIII, Varenna, 1983}, 
  author={Frisch, U and Parisi, G},
  year={1985},
  publisher={North-Holland, New York}
}

@ARTICLE{10.3389/fphys.2012.00141,
  AUTHOR={Ihlen, Espen A.},
  TITLE={Introduction to Multifractal Detrended Fluctuation Analysis in Matlab},
  JOURNAL={Frontiers in Physiology},
  VOLUME={3},
  YEAR={2012},
  URL={https://www.frontiersin.org/journals/physiology/articles/10.3389/fphys.2012.00141},
  DOI={10.3389/fphys.2012.00141},
  ISSN={1664-042X}
}

@article{OSWIECIMKA2018231,
  title = {Right-side-stretched multifractal spectra indicate small-worldness in networks},
  journal = {Communications in Nonlinear Science and Numerical Simulation},
  volume = {57},
  pages = {231-245},
  year = {2018},
  issn = {1007-5704},
  doi = {https://doi.org/10.1016/j.cnsns.2017.09.022},
  url = {https://www.sciencedirect.com/science/article/pii/S100757041730343X},
  author = {Paweł Oświȩcimka and Lorenzo Livi and Stanisław Drożdż},
  keywords = {Multifractal spectrum, Spectrum asymmetry, Time series, Complex network, Small-world}
}

@article{PhysRevE.91.030902,
  title = {Detecting and interpreting distortions in hierarchical organization of complex time series},
  author = {Dro\ifmmode \dot{z}\else \.{z}\fi{}d\ifmmode \dot{z}\else \.{z}\fi{}, Stanis\l{}aw and O\ifmmode \acute{s}\else \'{s}\fi{}wi\ifmmode \mbox{\c{e}}\else \c{e}\fi{}cimka, Pawe\l{}},
  journal = {Phys. Rev. E},
  volume = {91},
  issue = {3},
  pages = {030902},
  numpages = {5},
  year = {2015},
  month = {Mar},
  publisher = {American Physical Society},
  doi = {10.1103/PhysRevE.91.030902},
  url = {https://link.aps.org/doi/10.1103/PhysRevE.91.030902}
}

@article{Dro_d__2018, 
  title={Dynamical Variety of Shapes in Financial Multifractality}, 
  volume={2018}, 
  ISSN={1099-0526}, 
  url={http://dx.doi.org/10.1155/2018/7015721}, 
  DOI={10.1155/2018/7015721}, 
  journal={Complexity}, 
  publisher={Hindawi Limited}, 
  author={Drożdż, Stanisław and Kowalski, Rafał and Oświȩcimka, Paweł and Rak, Rafał and Gȩbarowski, Robert}, 
  year={2018}, 
  month=sep, 
  pages={1--13} 
}

@article{DAI2014332,
  title = {Multifractal and singularity analysis of highway volume data},
  journal = {Physica A: Statistical Mechanics and its Applications},
  volume = {407},
  pages = {332-340},
  year = {2014},
  issn = {0378-4371},
  doi = {https://doi.org/10.1016/j.physa.2014.04.005},
  url = {https://www.sciencedirect.com/science/article/pii/S0378437114003094},
  author = {Meifeng Dai and Cheng Zhang and Danping Zhang},
  keywords = {Multifractal, Hölder exponent, Singularity exponent, Legendre spectrum, Traffic data}
}

@article{DAI2016722,
  title = {Multifractal detrended fluctuation analysis based on fractal fitting: The long-range correlation detection method for highway volume data},
  journal = {Physica A: Statistical Mechanics and its Applications},
  volume = {444},
  pages = {722-731},
  year = {2016},
  issn = {0378-4371},
  doi = {https://doi.org/10.1016/j.physa.2015.10.073},
  url = {https://www.sciencedirect.com/science/article/pii/S0378437115009322},
  author = {Meifeng Dai and Jie Hou and Dandan Ye},
  keywords = {Fractal interpolation, Fractal fitting, MFDFA-FF, Legendre spectrum, Long-range correlation}
}

@article{SUN2001553,
  title = {Multifractal analysis of Hang Seng index in Hong Kong stock market},
  journal = {Physica A: Statistical Mechanics and its Applications},
  volume = {291},
  number = {1},
  pages = {553-562},
  year = {2001},
  issn = {0378-4371},
  doi = {https://doi.org/10.1016/S0378-4371(00)00606-3},
  url = {https://www.sciencedirect.com/science/article/pii/S0378437100006063},
  author = {Xia Sun and Huiping Chen and Ziqin Wu and Yongzhuang Yuan},
  keywords = {Multifractal, Hong Kong index, Gain probability}
}

@article{EnriqueCanessa_2000,
  doi = {10.1088/0305-4470/33/19/302},
  url = {https://dx.doi.org/10.1088/0305-4470/33/19/302},
  year = {2000},
  month = {may},
  publisher = {},
  volume = {33},
  number = {19},
  pages = {3637},
  author = {Enrique Canessa},
  title = {Multifractality in time series},
  journal = {Journal of Physics A: Mathematical and General}
}

@ARTICLE{RePEc:spr:eurphb:v:76:y:2010:i:4:p:513-527,
  title = {Higher-order phase transitions on financial markets},
  author = {Kasprzak, A. and Kutner, Ryszard and Perelló, J. and Masoliver, J.},
  year = {2010},
  journal = {The European Physical Journal B: Condensed Matter and Complex Systems},
  volume = {76},
  number = {4},
  pages = {513-527},
  url = {https://EconPapers.repec.org/RePEc:spr:eurphb:v:76:y:2010:i:4:p:513-527}
}

@article{RevModPhys.65.1331,
  title = {The analysis of observed chaotic data in physical systems},
  author = {Abarbanel, Henry D. I. and Brown, Reggie and Sidorowich, John J. and Tsimring, Lev Sh.},
  journal = {Rev. Mod. Phys.},
  volume = {65},
  issue = {4},
  pages = {1331--1392},
  numpages = {0},
  year = {1993},
  month = {Oct},
  publisher = {American Physical Society},
  doi = {10.1103/RevModPhys.65.1331},
  url = {https://link.aps.org/doi/10.1103/RevModPhys.65.1331}
}

@article{RevModPhys.57.617,
  title = {Ergodic theory of chaos and strange attractors},
  author = {Eckmann, J. -P. and Ruelle, D.},
  journal = {Rev. Mod. Phys.},
  volume = {57},
  issue = {3},
  pages = {617--656},
  numpages = {0},
  year = {1985},
  month = {Jul},
  publisher = {American Physical Society},
  doi = {10.1103/RevModPhys.57.617},
  url = {https://link.aps.org/doi/10.1103/RevModPhys.57.617}
}

@book{platt2019network,
  title={Network Science with Python and NetworkX Quick Start Guide: Explore and visualize network data effectively},
  author={Platt, E.L.},
  isbn={9781789955316},
  url={https://www.packtpub.com/product/network-science-with-python-and-networkx-quick-start-guide/9781789955316},
  year={2019},
  publisher={Packt Publishing}
}

@book{cormen2022introduction,
  title={Introduction to Algorithms, fourth edition},
  author={Cormen, T.H. and Leiserson, C.E. and Rivest, R.L. and Stein, C.},
  isbn={9780262046305},
  lccn={2021037260},
  url={https://mitpress.mit.edu/9780262046305/introduction-to-algorithms/},
  year={2022},
  publisher={MIT Press}
}

@book{lévy1925calcul,
  title={Calcul des probabilit{\'e}s, par Paul L{\'e}vy, ...},
  author={L{\'e}vy, P.},
  year={1925},
  publisher={Gauthier-Villars}
}

@article{MITTNIK1999275,
  title = {Maximum likelihood estimation of stable Paretian models},
  journal = {Mathematical and Computer Modelling},
  volume = {29},
  number = {10},
  pages = {275-293},
  year = {1999},
  issn = {0895-7177},
  doi = {https://doi.org/10.1016/S0895-7177(99)00110-7},
  url = {https://www.sciencedirect.com/science/article/pii/S0895717799001107},
  author = {S. Mittnik and S.T. rachev and T. Doganoglu and D. Chenyao},
  keywords = {ARMA, Asset returns, GARCH, Monte Carlo analysis, Maximum likelihood estimation, Stable Paretian distributions}
}

@article{doi:10.1080/01621459.1971.10482264,
  author = {Eugene F. Fama and Richard Roll},
  title = {Parameter Estimates for Symmetric Stable Distributions},
  journal = {Journal of the American Statistical Association},
  volume = {66},
  number = {334},
  pages = {331-338},
  year = {1971},
  publisher = {Taylor & Francis},
  doi = {https://doi.org/10.1080/01621459.1971.10482264},
  URL = {https://www.tandfonline.com/doi/abs/10.1080/01621459.1971.10482264}
}

@article{doi:10.1080/03610918608812563,
  author = {J. Huston McCulloch},
  title = {Simple consistent estimators of stable distribution parameters},
  journal = {Communications in Statistics - Simulation and Computation},
  volume = {15},
  number = {4},
  pages = {1109-1136},
  year = {1986},
  publisher = {Taylor & Francis},
  doi = {https://doi.org/10.1080/03610918608812563},
  URL = {https://www.tandfonline.com/doi/abs/10.1080/03610918608812563}
}

@incollection{MCCULLOCH1996393,
  title = {13 Financial applications of stable distributions},
  series = {Handbook of Statistics},
  publisher = {Elsevier},
  volume = {14},
  pages = {393-425},
  year = {1996},
  booktitle = {Statistical Methods in Finance},
  issn = {0169-7161},
  doi = {https://doi.org/10.1016/S0169-7161(96)14015-3},
  url = {https://www.sciencedirect.com/science/article/pii/S0169716196140153},
  author = {J. Huston McCulloch}
}

@Inbook{Nolan2001,
  author="Nolan, John P.",
  editor="Barndorff-Nielsen, Ole E.
  and Resnick, Sidney I.
  and Mikosch, Thomas",
  title="Maximum Likelihood Estimation and Diagnostics for Stable Distributions",
  bookTitle="L{\'e}vy Processes: Theory and Applications",
  year="2001",
  publisher="Birkh{\"a}user Boston",
  address="Boston, MA",
  pages="379--400",
  isbn="978-1-4612-0197-7",
  doi="https://doi.org/10.1007/978-1-4612-0197-7_17",
  url="https://doi.org/10.1007/978-1-4612-0197-7_17"
}

@article{JSFS_2005__146_4_23_0,
     author = {Alvarez, Alexander and Olivares, Pablo},
     title = {M\'ethodes d'estimation pour des lois stables avec des applications en finance},
     journal = {Journal de la Soci\'et\'e fran\c{c}aise de statistique},
     pages = {23--54},
     publisher = {Soci\'et\'e fran\c{c}aise de statistique},
     volume = {146},
     number = {4},
     year = {2005},
     language = {fr},
     url = {http://www.numdam.org/item/JSFS_2005__146_4_23_0/}
}

@article{NOLAN1999229,
  title = {An algorithm for evaluating stable densities in Zolotarev's (M) parameterization},
  journal = {Mathematical and Computer Modelling},
  volume = {29},
  number = {10},
  pages = {229-233},
  year = {1999},
  issn = {0895-7177},
  doi = {https://doi.org/10.1016/S0895-7177(99)00105-3},
  url = {https://www.sciencedirect.com/science/article/pii/S0895717799001053},
  author = {J.P. Nolan},
  keywords = {Stable densities, Characteristic functions, Numerical quadrature, Skewed stable}
}

@book{zolotarev1986one,
  title={One-dimensional Stable Distributions},
  author={Zolotarev, V.M.},
  isbn={9780821845196},
  lccn={86010943},
  series={Translations of mathematical monographs},
  year={1986},
  publisher={American Mathematical Society}, 
  pages={284}
}

@article{SALASGONZALEZ2013559,
  title = {Parameterization of the distribution of white and grey matter in MRI using the α-stable distribution},
  journal = {Computers in Biology and Medicine},
  volume = {43},
  number = {5},
  pages = {559-567},
  year = {2013},
  issn = {0010-4825},
  doi = {https://doi.org/10.1016/j.compbiomed.2013.01.003},
  url = {https://www.sciencedirect.com/science/article/pii/S0010482513000176},
  author = {D. Salas-Gonzalez and J.M. Górriz and J. Ramírez and M. Schloegl and E.W. Lang and A. Ortiz},
  keywords = {MRI segmentation, Mixture models, -Stable distribution}
}

@book{lévy1954theorie,
  title={Theorie de L'addition Des Variables Aleatoires},
  author={L{\'e}vy, P.},
  year={1954},
  publisher={Gauthier-Villars}, 
  isbn={978-2-87647-207-5}
}

@article{KOZUBOWSKI2005298,
  title = {Operator geometric stable laws},
  journal = {Journal of Multivariate Analysis},
  volume = {92},
  number = {2},
  pages = {298-323},
  year = {2005},
  issn = {0047-259X},
  doi = {https://doi.org/10.1016/j.jmva.2003.09.004},
  url = {https://www.sciencedirect.com/science/article/pii/S0047259X0300160X},
  author = {Tomasz J. Kozubowski and Mark M. Meerschaert and Anna K. Panorska and Hans-Peter Scheffler}
}

@book{gnedenko1968limit,
  title={Limit Distributions for Sums of Independent Random Variables},
  author={Gnedenko, B.V. and Kolmogorov, A.N.},
  lccn={68013549},
  series={Addison-Wesley Mathematical Series},
  year={1968},
  publisher={Addison-Wesley}
}

@article{doi:10.1080/01621459.1973.10482458,
  author = {William H. Dumouchel},
  title = {Stable Distributions in Statistical Inference: 1. Symmetric Stable Distributions Compared to other Symmetric Long-Tailed Distributions},
  journal = {Journal of the American Statistical Association},
  volume = {68},
  number = {342},
  pages = {469-477},
  year = {1973},
  publisher = {Taylor & Francis},
  doi = {https://doi.org/10.1080/01621459.1973.10482458},
  URL = {https://www.tandfonline.com/doi/abs/10.1080/01621459.1973.10482458}
}

@inproceedings{DBLP:conf/icteri/SolovievB18,
  author       = {Vladimir N. Soloviev and
                  Andrii Belinskyi},
  editor       = {Vadim Ermolayev and
                  Mari Carmen Su{\'{a}}rez{-}Figueroa and
                  Vitaliy Yakovyna and
                  Vyacheslav S. Kharchenko and
                  Vitaliy Kobets and
                  Hennadiy Kravtsov and
                  Vladimir S. Peschanenko and
                  Yaroslav Prytula and
                  Mykola S. Nikitchenko and
                  Aleksander Spivakovsky},
  title        = {Methods of Nonlinear Dynamics and the Construction of Cryptocurrency
                  Crisis Phenomena Precursors},
  booktitle    = {Proceedings of the 14th International Conference on {ICT} in Education,
                  Research and Industrial Applications. Integration, Harmonization and
                  Knowledge Transfer. Volume {II:} Workshops, Kyiv, Ukraine, May 14-17,
                  2018},
  series       = {{CEUR} Workshop Proceedings},
  volume       = {2104},
  pages        = {116--127},
  publisher    = {CEUR-WS.org},
  year         = {2018},
  url          = {http://ceur-ws.org/Vol-2104/paper_175.pdf}
}

@inproceedings{DBLP:conf/m3e2/BielinskyiSSS19,
  author       = {Andrii Bielinskyi and
                  Vladimir N. Soloviev and
                  Serhiy Semerikov and
                  Viktoria Solovieva},
  editor       = {Arnold Kiv and
                  Serhiy Semerikov and
                  Vladimir N. Soloviev and
                  Liubov Kibalnyk and
                  Hanna Danylchuk and
                  Andriy Matviychuk},
  title        = {Detecting Stock Crashes Using Levy Distribution},
  booktitle    = {Proceedings of the Selected Papers of the 8th International Conference
                  on Monitoring, Modeling {\&} Management of Emergent Economy, {M3E2-EEMLPEED}
                  2019, Odessa, Ukraine, May 22-24, 2019},
  series       = {{CEUR} Workshop Proceedings},
  volume       = {2422},
  pages        = {420--433},
  publisher    = {CEUR-WS.org},
  year         = {2019},
  url          = {https://ceur-ws.org/Vol-2422/paper34.pdf}
}

@inproceedings{DBLP:conf/icteri/SolovievBS19,
  author       = {Vladimir N. Soloviev and
                  Andrii Bielinskyi and
                  Viktoria Solovieva},
  editor       = {Vadim Ermolayev and
                  Fr{\'{e}}d{\'{e}}ric Mallet and
                  Vitaliy Yakovyna and
                  Vyacheslav S. Kharchenko and
                  Vitaliy Kobets and
                  Artur Kornilowicz and
                  Hennadiy Kravtsov and
                  Mykola S. Nikitchenko and
                  Serhiy Semerikov and
                  Aleksander Spivakovsky},
  title        = {Entropy Analysis of Crisis Phenomena for {DJIA} Index},
  booktitle    = {Proceedings of the 15th International Conference on {ICT} in Education,
                  Research and Industrial Applications. Integration, Harmonization and
                  Knowledge Transfer. Volume {II:} Workshops, Kherson, Ukraine, June
                  12-15, 2019},
  series       = {{CEUR} Workshop Proceedings},
  volume       = {2393},
  pages        = {434--449},
  publisher    = {CEUR-WS.org},
  year         = {2019},
  url          = {https://ceur-ws.org/Vol-2393/paper_375.pdf}
}

@inproceedings{DBLP:conf/icteri/SolovievBSSS20,
  author       = {Vladimir N. Soloviev and
                  Andrii Bielinskyi and
                  Oleksandr Serdyuk and
                  Viktoria Solovieva and
                  Serhiy Semerikov},
  editor       = {Oleksandr Sokolov and
                  Grygoriy Zholtkevych and
                  Vitaliy Yakovyna and
                  Yulia Tarasich and
                  Vyacheslav Kharchenko and
                  Vitaliy Kobets and
                  Olexandr Burov and
                  Serhiy Semerikov and
                  Hennadiy Kravtsov},
  title        = {Lyapunov Exponents as Indicators of the Stock Market Crashes},
  booktitle    = {Proceedings of the 16th International Conference on {ICT} in Education,
                  Research and Industrial Applications. Integration, Harmonization and
                  Knowledge Transfer. Volume {II:} Workshops, Kharkiv, Ukraine, October
                  06-10, 2020},
  series       = {{CEUR} Workshop Proceedings},
  volume       = {2732},
  pages        = {455--470},
  publisher    = {CEUR-WS.org},
  year         = {2020},
  url          = {https://ceur-ws.org/Vol-2732/20200455.pdf}
}

@InProceedings{10.1007/978-3-030-13929-2_14,
  author="Soloviev, Vladimir N.
  and Belinskiy, Andriy",
  editor="Ermolayev, Vadim
  and Su{\'a}rez-Figueroa, Mari Carmen
  and Yakovyna, Vitaliy
  and Mayr, Heinrich C.
  and Nikitchenko, Mykola
  and Spivakovsky, Aleksander",
  title="Complex Systems Theory and Crashes of Cryptocurrency Market",
  booktitle="Information and Communication Technologies in Education, Research, and Industrial Applications",
  year="2019",
  publisher="Springer International Publishing",
  address="Cham",
  pages="276--297",
  isbn="978-3-030-13929-2", 
  url={https://doi.org/10.1007/978-3-030-13929-2_14}, 
  doi={https://doi.org/10.1007/978-3-030-13929-2_14}
}

@inproceedings{DBLP:conf/m3e2/BielinskyiHMSSS21,
  author       = {Andrii O. Bielinskyi and
                  Serhii V. Hushko and
                  Andriy V. Matviychuk and
                  Oleksandr A. Serdyuk and
                  Serhiy O. Semerikov and
                  Vladimir N. Soloviev},
  editor       = {Arnold E. Kiv and
                  Vladimir N. Soloviev and
                  Serhiy O. Semerikov},
  title        = {Irreversibility of financial time series: a case of crisis},
  booktitle    = {Proceedings of the Selected and Revised Papers of 9th International
                  Conference on Monitoring, Modeling {\&} Management of Emergent
                  Economy {(M3E2-MLPEED} 2021), Odessa, Ukraine, May 26-28, 2021},
  series       = {{CEUR} Workshop Proceedings},
  volume       = {3048},
  pages        = {134--150},
  publisher    = {CEUR-WS.org},
  year         = {2021},
  url          = {https://ceur-ws.org/Vol-3048/paper04.pdf}
}

@inproceedings{pandemic_entropy,
  author       = {Vladimir N. Soloviev and Andrii O. Bielinskyi and Natalia A. Kharadzjan},
  editor       = {A.E. Kiv and 
                  S.O. Semerikov and  
                  V.N. Soloviev and 
                  A.M. Striuk}, 
  title        = {Coverage of the coronavirus pandemic through entropy measures},
  booktitle    = {3rd Workshop for Young Scientists in Computer Science and Software Engineering {(CS and SE and SW 2020), Kryvyi Rih, Ukraine, November 27, 2020}},
  series       = {{CEUR} Workshop Proceedings},
  volume       = {2832},
  pages        = {24--42},
  publisher    = {CEUR-WS.org},
  year         = {2021},
  url          = {https://ceur-ws.org/Vol-2832/paper02.pdf}
}

@article{fuzzy_entropies, 
  author       = {Andrii O. Bielinskyi and
                  Vladimir N. Soloviev and 
                  Serhii O. Semerikov and
                  Victoria V. Solovieva}, 
  journal      = {Neuro-Fuzzy Modeling Techniques in Economics},
  title        = {IDENTIFYING STOCK MARKET CRASHES BY FUZZY MEASURES OF COMPLEXITY}, 
  year         = {2021},
  volume       = {10},
	pages        = {3--45},
	doi          = {http://doi.org/10.33111/nfmte.2021.003},
  publisher    = {Kyiv National Economic University named after Vadym Hetman},
	issn         = {23063289}, 
  url          = {https://nfmte.kneu.ua/archive/2021/10.01}
} 

@inproceedings{DBLP:conf/cte/BielinskyiKPSS21,
  author       = {Andrii O. Bielinskyi and
                  Arnold E. Kiv and
                  Yuliya O. Prikhozha and
                  Mykola A. Slusarenko and
                  Vladimir N. Soloviev},
  editor       = {Arnold E. Kiv and
                  Serhiy O. Semerikov and
                  Mariya P. Shyshkina},
  title        = {Complex systems and physics education},
  booktitle    = {Proceedings of the 9th Workshop on Cloud Technologies in Education,
                  {CTE} 2021, Kryvyi Rih, Ukraine, December 17, 2021},
  series       = {{CEUR} Workshop Proceedings},
  volume       = {3085},
  pages        = {56--80},
  publisher    = {CEUR-WS.org},
  year         = {2021},
  url          = {https://doi.org/10.55056/cte.103},
  doi          = {https://doi.org/10.55056/cte.103}
}

@inproceedings{Bielinskyi201837,
  author = {Bielinskyi, Andrii O. and Soloviev, Vladimir N.},
  editor = {S.O. Semerikov and 
            A.M. Striuk and 
            V.N. Soloviev and 
            A.E. Kiv},
  title = {Complex network precursors of crashes and critical events in the cryptocurrency market},
  booktitle    = {Proceedings of st Student Workshop on Computer Science and Software Engineering, {CS} and {SE@SW} 2018, Kryvyi Rih, Ukraine, November 30, 2018},
  series       = {{CEUR} Workshop Proceedings},
  volume       = {2292},
  pages        = {37--45},
  publisher    = {CEUR-WS.org},
  year         = {2028},
  issn         = {16130073}, 
  url          = {https://ceur-ws.org/Vol-2292/paper02.pdf}
}

@inproceedings{10.1007/978-3-031-35467-0_26,
  author="Kiv, Arnold
  and Bryukhanov, Arkady
  and Bielinskyi, Andrii
  and Soloviev, Vladimir
  and Kavetskyy, Taras
  and Dyachok, Dmytro
  and Donchev, Ivan
  and Lukashin, Viktor",
  editor="Faure, Emil
  and Danchenko, Olena
  and Bondarenko, Maksym
  and Tryus, Yurii
  and Bazilo, Constantine
  and Zaspa, Grygoriy",
  title="Irreversibility of Plastic Deformation Processes in Metals",
  booktitle="Information Technology for Education, Science, and Technics",
  year="2023",
  publisher="Springer Nature Switzerland",
  address="Cham",
  pages="425--445",
  isbn="978-3-031-35467-0", 
  url={https://doi.org/10.1007/978-3-031-35467-0_26},
  doi={https://doi.org/10.1007/978-3-031-35467-0_26}
}

@inproceedings{10.1007/978-3-031-35467-0_21,
  author="Bielinskyi, Andrii
  and Soloviev, Vladimir
  and Solovieva, Victoria
  and Matviychuk, Andriy
  and Semerikov, Serhiy",
  editor="Faure, Emil
  and Danchenko, Olena
  and Bondarenko, Maksym
  and Tryus, Yurii
  and Bazilo, Constantine
  and Zaspa, Grygoriy",
  title="The Analysis of Multifractal Cross-Correlation Connectedness Between Bitcoin and the Stock Market",
  booktitle="Information Technology for Education, Science, and Technics",
  year="2023",
  publisher="Springer Nature Switzerland",
  address="Cham",
  pages="323--345",
  isbn="978-3-031-35467-0", 
  url={https://doi.org/10.1007/978-3-031-35467-0_21},
  doi={https://doi.org/10.1007/978-3-031-35467-0_21}
}

@inproceedings{DBLP:conf/m3e2/BielinskyiSSSR22,
  author       = {Andrii O. Bielinskyi and
                  Vladimir N. Soloviev and
                  Viktoria Solovieva and
                  Serhiy O. Semerikov and
                  Michael A. Radin},
  editor       = {Hanna B. Danylchuk and
                  Serhiy O. Semerikov},
  title        = {Recurrence quantification analysis of energy market crises: a nonlinear
                  approach to risk management},
  booktitle    = {Proceedings of the Selected and Revised Papers of 10th International
                  Conference on Monitoring, Modeling {\&} Management of Emergent
                  Economy {(M3E2-MLPEED} 2022), Virtual Event, Kryvyi Rih, Ukraine,
                  November 17-18, 2022},
  series       = {{CEUR} Workshop Proceedings},
  volume       = {3465},
  pages        = {110--131},
  publisher    = {CEUR-WS.org},
  year         = {2022},
  url          = {https://ceur-ws.org/Vol-3465/paper14.pdf}
}

@inproceedings{DBLP:conf/m3e2/BielinskyiSHKM22,
  author       = {Andrii O. Bielinskyi and
                  Vladimir N. Soloviev and
                  Serhii V. Hushko and
                  Arnold E. Kiv and
                  Andriy V. Matviychuk},
  editor       = {Hanna B. Danylchuk and
                  Serhiy O. Semerikov},
  title        = {High-order network analysis for financial crash identification},
  booktitle    = {Proceedings of the Selected and Revised Papers of 10th International
                  Conference on Monitoring, Modeling {\&} Management of Emergent
                  Economy {(M3E2-MLPEED} 2022), Virtual Event, Kryvyi Rih, Ukraine,
                  November 17-18, 2022},
  series       = {{CEUR} Workshop Proceedings},
  volume       = {3465},
  pages        = {132--149},
  publisher    = {CEUR-WS.org},
  year         = {2022},
  url          = {https://ceur-ws.org/Vol-3465/paper15.pdf}
}

@Article{dynamics3010004,
  AUTHOR = {Kiv, Arnold and 
            Bryukhanov, Arkady and 
            Soloviev, Vladimir and 
            Bielinskyi, Andrii and 
            Kavetskyy, Taras and 
            Dyachok, Dmytro and 
            Donchev, Ivan and 
            Lukashin, Viktor},
  TITLE = {Complex Network Methods for Plastic Deformation Dynamics in Metals},
  JOURNAL = {Dynamics},
  VOLUME = {3},
  YEAR = {2023},
  NUMBER = {1},
  PAGES = {34--59},
  DOI = {https://doi.org/10.3390/dynamics3010004},
  URL = {https://www.mdpi.com/2673-8716/3/1/4},
  ISSN = {2673-8716}
}

@article{10.1063/5.0049901,
    author = {Pessa, Arthur A. B. and Ribeiro, Haroldo V.},
    title = "{ordpy: A Python package for data analysis with permutation entropy and ordinal network methods}",
    journal = {Chaos: An Interdisciplinary Journal of Nonlinear Science},
    volume = {31},
    number = {6},
    pages = {063110},
    year = {2021},
    month = {06},
    abstract = "{Since Bandt and Pompe's seminal work, permutation entropy has been used in several applications and is now an essential tool for time series analysis. Beyond becoming a popular and successful technique, permutation entropy inspired a framework for mapping time series into symbolic sequences that triggered the development of many other tools, including an approach for creating networks from time series known as ordinal networks. Despite increasing popularity, the computational development of these methods is fragmented, and there were still no efforts focusing on creating a unified software package. Here, we present ordpy (http://github.com/arthurpessa/ordpy), a simple and open-source Python module that implements permutation entropy and several of the principal methods related to Bandt and Pompe’s framework to analyze time series and two-dimensional data. In particular, ordpy implements permutation entropy, Tsallis and Rényi permutation entropies, complexity–entropy plane, complexity–entropy curves, missing ordinal patterns, ordinal networks, and missing ordinal transitions for one-dimensional (time series) and two-dimensional (images) data as well as their multiscale generalizations. We review some theoretical aspects of these tools and illustrate the use of ordpy by replicating several literature results.}",
    issn = {1054-1500},
    doi = {https://doi.org/10.1063/5.0049901},
    url = {https://doi.org/10.1063/5.0049901},
    eprint = {https://pubs.aip.org/aip/cha/article-pdf/doi/10.1063/5.0049901/19731033/063110\_1\_online.pdf},
}

@article{RevModPhys.74.47,
  title = {Statistical mechanics of complex networks},
  author = {Albert, R\'eka and Barab\'asi, Albert-L\'aszl\'o},
  journal = {Rev. Mod. Phys.},
  volume = {74},
  issue = {1},
  pages = {47--97},
  numpages = {0},
  year = {2002},
  month = {Jan},
  publisher = {American Physical Society},
  doi = {https://doi.org/10.1103/RevModPhys.74.47},
  url = {https://link.aps.org/doi/10.1103/RevModPhys.74.47}
}

@article{doi:10.1126/science.286.5439.509,
  author = {Albert-László Barabási  and Réka Albert },
  title = {Emergence of Scaling in Random Networks},
  journal = {Science},
  volume = {286},
  number = {5439},
  pages = {509-512},
  year = {1999},
  doi = {10.1126/science.286.5439.509},
  URL = {https://www.science.org/doi/abs/10.1126/science.286.5439.509},
  eprint = {https://www.science.org/doi/pdf/10.1126/science.286.5439.509}
}

@incollection{TRAVERS1977179,
  title = {An Experimental Study of the Small World Problem},
  editor = {Samuel Leinhardt},
  booktitle = {Social Networks},
  publisher = {Academic Press},
  pages = {179-197},
  year = {1977},
  isbn = {978-0-12-442450-0},
  doi = {https://doi.org/10.1016/B978-0-12-442450-0.50018-3},
  url = {https://www.sciencedirect.com/science/article/pii/B9780124424500500183},
  author = {Jefrey Travers and Stanley Milgram}
}

@misc{taleb2022statistical,
      title={Statistical Consequences of Fat Tails: Real World Preasymptotics, Epistemology, and Applications}, 
      author={Nassim Nicholas Taleb},
      year={2022},
      eprint={2001.10488},
      archivePrefix={arXiv},
      primaryClass={stat.OT}
}

@book{taleb2010black,
  title={The Black Swan: Second Edition: The Impact of the Highly Improbable Fragility},
  author={Taleb, N.N.},
  isbn={9780679604181},
  lccn={2010292618},
  series={Incerto},
  year={2010},
  publisher={Random House Publishing Group}
}























































